=LDR  02298 am a2200577 a 4500
=001  015449792
=003  Uk
=005  20100325084251.0
=006  m\\\\|\\\d\|\\\\\\
=007  cr||||||||||||
=008  091216s2009\\\\enk||||\s\\\\o000\0\eng\\
=015  \\$aGBB038942$2bnb
=020  \\$z9781409814788
=040  \\$aUk$beng$cUk
=042  \\$aukblsr
=082  04$a307.14160942$222
=245  00$aFour years of change?$h[electronic resource] :$bunderstanding the experiences of the 2002-2006 New Deal for Communities Panel : evidence from the New Deal for Communities Programme : main report /$cChristina Beatty.
=260  \\$aLondon :$bDepartment for Communities and Local Government,$c2009.
=300  \\$a162 p. :$bdigital, PDF file.
=336  \\$atext$2rdacontent
=337  \\$acomputer$2rdamedia
=338  \\$aonline resource$2rdacarrier
=500  \\$aTitle from PDF title page (viewed on 16 Mar., 2010).
=538  \\$aMode of access: World Wide Web.
=538  \\$aSystem requirements: Adobe Acrobat Reader.
=610  20$aNew Deal for Communities (Programme)
=650  \0$aCommunity development$zGreat Britain.
=690  7\$aSocial Welfare$2blcoll
=700  1\$aBeatty, Christina.
=710  1\$aGreat Britain.$bDepartment for Communities and Local Government.
=710  2\$aSheffield Hallam University.$bCentre for Regional Economic and Social Research.
=852  41$aBritish Library$bHMNTS$cDRT$j281474976737882
=856  40$ahttp://www.communities.gov.uk/documents/communities/pdf/1344472.pdf
=985  \\$aRecord amended for WR# 13/070
=CAT  \\$a10902$b40$c20091216$lBLL01$h1335
=CAT  \\$a10902$b40$c20091216$lBLL01$h1336
=CAT  \\$a12181$b40$c20100316$lBLL01$h1401
=CAT  \\$a12181$b40$c20100316$lBLL01$h1409
=CAT  \\$a12181$b40$c20100316$lBLL01$h1411
=CAT  \\$a10902$b40$c20100325$lBLL01$h0842
=CAT  \\$aWR10_184$c20101208$lBLL01$h1636
=CAT  \\$aBATCH$b00$c20110625$lBLL01$h0548
=CAT  \\$aBATCH-SWP4$c20110627$lBLL01$h1632
=CAT  \\$aWR12-140$c20121030$lBLL01$h1049
=CAT  \\$aWR13_070$b00$c20130504$lBLL01$h0322
=CAT  \\$aWR13.144/5$c20140418$lBLL01$h1022
=DRT  \\$aVDEP
=FIN  \\$aY$d20100316
=FMT  \\$a  BK
=LAS  \\$aWR13.144/5$b00$c20140418$lBLL01$h1022
=STA  \\$aSUPPRESSED$bWR10_184

