=LDR  02141 am a2200589 a 4500
=001  012949178
=003  Uk
=005  20051031113024.0
=006  m\\\\|\\\d\|\\\\\\
=007  cr|||\|||a||||
=008  040712s2002\\\\stk||||\s||||\000\f\eng\\
=FMT  \\$a  BK
=015  \\$aGBA458751$2bnb
=020  \\$a1843500442 :$c£3.75
=020  \\$a1843500426 (Microsoft Reader) :$c£3.75
=020  \\$a1843500434 (Mobipocket) :$c£3.75
=040  \\$aUk$beng$cUk
=042  \\$aukblsr
=082  04$a823.912$222
=100  1\$aHodgson, William Hope,$d1877-1918.
=245  14$aThe house on the Borderland$h[electronic resource] /$cWilliam Hope Hodgson.
=260  \\$aEdinburgh :$bSoft Editions,$c2002.
=336  \\$atext$2rdacontent
=337  \\$acomputer$2rdamedia
=338  \\$aonline resource$2rdacarrier
=538  \\$aMode of access: Internet.
=538  \\$aSystem requirements: Adobe Acrobat eBook Reader or Microsoft Reader or Mobipocket Reader.
=500  \\$aTitle from title screen.
=500  \\$aOriginally published in print: London : Chapman & Hall, 1908.
=516  \\$aPDF format.
=530  \\$aAlso issued in Microsoft Reader and Mobipocket Reader formats.
=530  \\$aAlso issued in print format.
=856  4\$uhttp://www.softeditions.com$zPublisher's home page
=852  41$aBritish Library$bHMNTS$j282898$cDRT
=CAT  \\$a6156$b40$c20040712$lBLL01$h1213
=CAT  \\$a6156$b40$c20040714$lBLL01$h1132
=CAT  \\$a6156$b40$c20040714$lBLL01$h1136
=CAT  \\$a8141$b40$c20040811$lBLL01$h1231
=CAT  \\$a8141$b40$c20040811$lBLL01$h1310
=CAT  \\$a8141$b40$c20040811$lBLL01$h1436
=CAT  \\$a11249$b40$c20051031$lBLL01$h1130
=CAT  \\$aBATCH-UPD$b40$c20070606$lBLL01$h1409
=CAT  \\$aBATCH-UPD$b40$c20071003$lBLL01$h1540
=CAT  \\$aBATCH$b00$c20080505$lBLL01$h1319
=CAT  \\$aWR10_184$c20101208$lBLL01$h1635
=CAT  \\$aWR12-140$c20121030$lBLL01$h1048
=CAT  \\$aWR13.144/5$c20140418$lBLL01$h0924
=CAT  \\$aBATCH-UPD$b00$c20160605$lBLL01$h2117
=FIN  \\$aY
=DRT  \\$aVDEP
=STA  \\$aSUPPRESSED$bWR10_184
=LAS  \\$aBATCH-UPD$b00$c20160605$lBLL01$h2117

