=LDR  02061 am a2200565 a 4500
=001  012949195
=003  Uk
=005  20051028104324.0
=006  m\\\\|\\\d\|\\\\\\
=007  cr|||\|||a||||
=008  040712s2002\\\\stk||||\s||||\000\f\eng\\
=FMT  \\$a  BK
=015  \\$aGBA458749$2bnb
=020  \\$a1843500477 :$c£5.49
=020  \\$a1843500450 (Microsoft Reader) :$c£5.49
=020  \\$a1843500469 (Mobipocket) :$c£5.49
=040  \\$aUk$beng$cUk
=042  \\$aukblsr
=082  04$a823.8$222
=100  1\$aMunro, Neil,$d1864-1930.
=245  10$aChildren of tempest$h[electronic resource] :$ba tale of the Outer Isles /$cNeil Munro.
=260  \\$aEdinburgh :$bSoft Editions,$c2002.
=336  \\$atext$2rdacontent
=337  \\$acomputer$2rdamedia
=338  \\$aonline resource$2rdacarrier
=538  \\$aMode of access: Internet.
=538  \\$aSystem requirements: Adobe Acrobat eBook Reader or Microsoft Reader or Mobipocket Reader.
=500  \\$aTitle from title screen.
=500  \\$aOriginally published in print: Edinburgh and London : William Blackwood and Sons, 1903.
=516  \\$aPDF format.
=530  \\$aAlso issued in Microsoft Reader and Mobipocket Reader formats.
=530  \\$aAlso issued in print format.
=856  4\$uhttp://www.softeditions.com$zPublisher's home page
=852  41$aBritish Library$bHMNTS$j282896$cDRT
=CAT  \\$a6156$b40$c20040712$lBLL01$h1225
=CAT  \\$a6156$b40$c20040712$lBLL01$h1226
=CAT  \\$a6156$b40$c20040713$lBLL01$h1716
=CAT  \\$a6156$b40$c20040714$lBLL01$h1133
=CAT  \\$a6156$b40$c20040714$lBLL01$h1136
=CAT  \\$a8141$b40$c20040811$lBLL01$h1206
=CAT  \\$a11249$b40$c20051028$lBLL01$h1043
=CAT  \\$aBATCH-UPD$b40$c20071003$lBLL01$h1540
=CAT  \\$aBATCH$b00$c20080505$lBLL01$h1319
=CAT  \\$aWR10_184$c20101208$lBLL01$h1635
=CAT  \\$aWR12-140$c20121030$lBLL01$h1048
=CAT  \\$aWR13.144/5$c20140418$lBLL01$h0924
=FIN  \\$aY
=DRT  \\$aVDEP
=STA  \\$aSUPPRESSED$bWR10_184
=LAS  \\$aWR13.144/5$b00$c20140418$lBLL01$h0924

