=LDR  02035 am a2200565 a 4500
=001  012949215
=003  Uk
=005  20051102135004.0
=006  m\\\\|\\\d\|\\\\\\
=007  cr|||\|||a||||
=008  040712s2002\\\\stk||||\s||||\000\f\eng\\
=FMT  \\$a  BK
=015  \\$aGBA458737$2bnb
=020  \\$a1843500507 :$c£3.95
=020  \\$a1843500485 (Microsoft Reader) :$c£3.95
=020  \\$a1843500493 (Mobipocket) :$c£3.95
=040  \\$aUk$beng$cUk
=042  \\$aukblsr
=082  04$a823.7$222
=100  1\$aHogg, James,$d1770-1835.
=245  14$aThe private memoirs and confessions of a justified sinner$h[electronic resource] /$cJames Hogg.
=260  \\$aEdinburgh :$bSoft Editions,$cc2002.
=336  \\$atext$2rdacontent
=337  \\$acomputer$2rdamedia
=338  \\$aonline resource$2rdacarrier
=538  \\$aMode of access: Internet.
=538  \\$aSystem requirements: Adobe Acrobat eBook Reader or Microsoft Reader or Mobipocket Reader.
=500  \\$aTitle from title screen.
=500  \\$aOriginally published in print: London : s.n., 1824.
=516  \\$aPDF format.
=530  \\$aAlso issued in Microsoft Reader and Mobipocket Reader formats.
=530  \\$aAlso issued in print format.
=856  4\$uhttp://www.softeditions.com$zPublisher's home page
=852  41$aBritish Library$bHMNTS$j282902$cDRT
=CAT  \\$a6156$b40$c20040712$lBLL01$h1338
=CAT  \\$a6156$b40$c20040712$lBLL01$h1341
=CAT  \\$a6156$b40$c20040712$lBLL01$h1348
=CAT  \\$a6156$b40$c20040713$lBLL01$h1717
=CAT  \\$a6156$b40$c20040714$lBLL01$h1135
=CAT  \\$a8141$b40$c20040811$lBLL01$h1025
=CAT  \\$a11249$b40$c20051102$lBLL01$h1350
=CAT  \\$aBATCH-UPD$b40$c20071003$lBLL01$h1540
=CAT  \\$aBATCH$b00$c20080505$lBLL01$h1319
=CAT  \\$aWR10_184$c20101208$lBLL01$h1635
=CAT  \\$aWR12-140$c20121030$lBLL01$h1048
=CAT  \\$aWR13.144/5$c20140418$lBLL01$h0924
=FIN  \\$aY
=DRT  \\$aVDEP
=STA  \\$aSUPPRESSED$bWR10_184
=LAS  \\$aWR13.144/5$b00$c20140418$lBLL01$h0924

