=LDR  01849 am a2200529 a 4500
=001  012949223
=003  Uk
=005  20051028093914.0
=006  m\\\\|\\\d\|\\\\\\
=007  cr|||\|||a||||
=008  040712s2003\\\\stk||||\s||||\000\f\eng\\
=FMT  \\$a  BK
=015  \\$aGBA457502$2bnb
=020  \\$a1843500531 :$c£4.99
=020  \\$a1843500515 (Microsoft Reader) :$c£4.99
=020  \\$a1843500523 (Mobipocket) :$c£4.99
=040  \\$aUk$beng$cUk
=042  \\$aukblsr
=082  04$a823.92$222
=100  1\$aMacDonald, Rod,$d1952-
=245  10$aBroken men and fallen women$h[electronic resource] /$cRod MacDonald.
=260  \\$aEdinburgh :$bSoft Editions,$c2003.
=336  \\$atext$2rdacontent
=337  \\$acomputer$2rdamedia
=338  \\$aonline resource$2rdacarrier
=538  \\$aMode of access: Internet.
=538  \\$aSystem requirements: Adobe Acrobat eBook Reader or Microsoft Reader or Mobipocket Reader.
=500  \\$aTitle from title screen.
=516  \\$aPDF format.
=530  \\$aAlso available in Microsoft Reader and Mobipocket Reader formats.
=856  4\$uhttp://www.softeditions.com$zPublisher's home page
=852  41$aBritish Library$bHMNTS$j282895$cDRT
=CAT  \\$a6156$b40$c20040712$lBLL01$h1356
=CAT  \\$a6156$b40$c20040713$lBLL01$h1718
=CAT  \\$a6156$b40$c20040714$lBLL01$h1138
=CAT  \\$a8141$b40$c20040810$lBLL01$h1736
=CAT  \\$a11278$b40$c20040812$lBLL01$h1446
=CAT  \\$a11249$b40$c20051028$lBLL01$h0939
=CAT  \\$aBATCH-UPD$b40$c20071003$lBLL01$h1540
=CAT  \\$aBATCH$b00$c20080505$lBLL01$h1319
=CAT  \\$aWR10_184$c20101208$lBLL01$h1635
=CAT  \\$aWR12-140$c20121030$lBLL01$h1048
=CAT  \\$aWR13.144/5$c20140418$lBLL01$h0924
=FIN  \\$aY
=DRT  \\$aVDEP
=STA  \\$aSUPPRESSED$bWR10_184
=LAS  \\$aWR13.144/5$b00$c20140418$lBLL01$h0924

