=LDR  02192 am a2200589 a 4500
=001  012949235
=003  Uk
=005  20051107144035.0
=006  m\\\\|\\\d\|\\\\\\
=007  cr|||\|||a||||
=008  040712s2003\\\\stk||||\s||||\00|\0\eng\\
=FMT  \\$a  BK
=015  \\$aGBA458764$2bnb
=020  \\$a1843500566 :$c£4.99
=020  \\$a184350054X (Microsoft Reader) :$c£4.99
=020  \\$a1843500558 (Mobipocket) :$c£4.99
=040  \\$aUk$beng$cUk
=042  \\$aukblsr
=082  04$a966.022$222
=100  1\$aPark, Mungo,$d1771-1806.
=245  10$aTravels in the interior districts of Africa$h[electronic resource] /$cMungo Park.
=260  \\$aEdinburgh :$bSoft Editions,$c2003.
=336  \\$atext$2rdacontent
=337  \\$acomputer$2rdamedia
=338  \\$aonline resource$2rdacarrier
=538  \\$aMode of access: Internet.
=538  \\$aSystem requirements: Adobe Acrobat eBook Reader or Microsoft Reader or Mobipocket Reader.
=500  \\$aTitle from title screen.
=500  \\$aOriginally published in print: London : s.n., 1799.
=516  \\$aPDF format.
=530  \\$aAlso issued in Microsoft Reader and Mobipocket Reader formats.
=530  \\$aAlso issued in print format.
=600  10$aPark, Mungo,$d1771-1806$xTravel$zAfrica, West.
=651  \0$aAfrica, West$xDiscovery and exploration$vEarly works to 1800.
=651  \0$aNiger River$xDiscovery and exploration$vEarly works to 1800.
=856  4\$uhttp://www.softeditions.com$zPublisher's home page
=852  41$aBritish Library$bHMNTS$j282904$cDRT
=CAT  \\$a6156$b40$c20040712$lBLL01$h1409
=CAT  \\$a6156$b40$c20040713$lBLL01$h1720
=CAT  \\$a6156$b40$c20040714$lBLL01$h1214
=CAT  \\$a8141$b40$c20040811$lBLL01$h1423
=CAT  \\$a8141$b40$c20040811$lBLL01$h1425
=CAT  \\$a11249$b40$c20051107$lBLL01$h1440
=CAT  \\$aBATCH-UPD$b40$c20071003$lBLL01$h1540
=CAT  \\$aBATCH$b00$c20080505$lBLL01$h1319
=CAT  \\$aWR10_184$c20101208$lBLL01$h1635
=CAT  \\$aWR12-140$c20121030$lBLL01$h1048
=CAT  \\$aWR13.144/5$c20140418$lBLL01$h0924
=FIN  \\$aY
=DRT  \\$aVDEP
=STA  \\$aSUPPRESSED$bWR10_184
=LAS  \\$aWR13.144/5$b00$c20140418$lBLL01$h0924

