=LDR  01965 am a2200553 a 4500
=001  012949251
=003  Uk
=005  20051102104241.0
=006  m\\\\|\\\d\|\\\\\\
=007  cr|||\|||a||||
=008  040712s2003\\\\stk||||\s||||\00|\f\eng\\
=FMT  \\$a  BK
=015  \\$aGBA457500$2bnb
=020  \\$a1843500620 :$c£4.99
=020  \\$a1843500604 (Microsoft Reader) :$c£4.99
=020  \\$a1843500612 (Mobipocket Reader) :$c£4.99
=040  \\$aUk$beng$cUk
=042  \\$aukblsr
=082  04$a823.912$222
=100  1\$aGunn, Neil Miller,$d1891-1973.
=245  14$aThe lost chart$h[electronic resource] /$cNeil M. Gunn.
=260  \\$aEdinburgh :$bSoft Editions,$cc2003.
=336  \\$atext$2rdacontent
=337  \\$acomputer$2rdamedia
=338  \\$aonline resource$2rdacarrier
=538  \\$aMode of access: Internet.
=538  \\$aSystem requirements: Adobe Acrobat eBook Reader or Microsoft Reader or Mobipocket Reader.
=500  \\$aTitle from title screen.
=500  \\$aOriginally published in print: London : Faber, 1949.
=516  \\$aPDF format.
=530  \\$aAlso available in Microsoft Reader and Mobipocket Reader formats.
=530  \\$aAlso issued in print format.
=856  4\$uhttp://www.softeditions.com$zPublisher's home page
=852  41$aBritish Library$bHMNTS$j282899$cDRT
=CAT  \\$a6156$b40$c20040712$lBLL01$h1422
=CAT  \\$a6156$b40$c20040713$lBLL01$h1732
=CAT  \\$a6156$b40$c20040714$lBLL01$h1224
=CAT  \\$a8141$b40$c20040810$lBLL01$h1709
=CAT  \\$a8141$b40$c20040810$lBLL01$h1738
=CAT  \\$a11249$b40$c20051102$lBLL01$h1042
=CAT  \\$aBATCH-UPD$b40$c20071003$lBLL01$h1540
=CAT  \\$aBATCH$b00$c20080505$lBLL01$h1319
=CAT  \\$aWR10_184$c20101208$lBLL01$h1635
=CAT  \\$aWR12-140$c20121030$lBLL01$h1048
=CAT  \\$aWR13.144/5$c20140418$lBLL01$h0924
=FIN  \\$aY
=DRT  \\$aVDEP
=STA  \\$aSUPPRESSED$bWR10_184
=LAS  \\$aWR13.144/5$b00$c20140418$lBLL01$h0924

