=LDR  01921 am a2200541 a 4500
=001  012949260
=003  Uk
=005  20051102112736.0
=006  m\\\\|\\\d\|\\\\\\
=007  cr|||\|||a||||
=008  040712s2003\\\\stk||||\s||||\00|\f\eng\\
=FMT  \\$a  BK
=015  \\$aGBA457497$2bnb
=020  \\$a1843500655 :$c£4.99
=020  \\$a1843500639 (Microsoft Reader) :$c£4.99
=020  \\$a1843500647 (Mobipocket Reader) :$c£4.99
=040  \\$aUk$beng$cUk
=042  \\$aukblsr
=082  04$a823.8$222
=100  1\$aFalkner, John Meade,$d1858-1932.
=245  10$aMoonfleet$h[electronic resource] /$cJohn Meade Falkner.
=260  \\$aEdinburgh :$bSoft Editions,$c2003.
=336  \\$atext$2rdacontent
=337  \\$acomputer$2rdamedia
=338  \\$aonline resource$2rdacarrier
=538  \\$aMode of access: Internet.
=538  \\$aSystem requirements: Adobe Acrobat eBook Reader or Microsoft Reader or Mobipocket Reader.
=500  \\$aTitle from title screen.
=500  \\$aOriginally published in print: London : E. Arnold, 1898.
=516  \\$aPDF format.
=530  \\$aAlso available in Microsoft Reader and Mobipocket Reader formats.
=530  \\$aAlso issued in print format.
=856  4\$uhttp://www.softeditions.com$zPublisher's home page
=852  41$aBritish Library$bHMNTS$j282900$cDRT
=CAT  \\$a6156$b40$c20040712$lBLL01$h1430
=CAT  \\$a6156$b40$c20040713$lBLL01$h1736
=CAT  \\$a6156$b40$c20040714$lBLL01$h1226
=CAT  \\$a8141$b40$c20040810$lBLL01$h1649
=CAT  \\$a11249$b40$c20051102$lBLL01$h1127
=CAT  \\$aBATCH-UPD$b40$c20071003$lBLL01$h1540
=CAT  \\$aBATCH$b00$c20080505$lBLL01$h1319
=CAT  \\$aWR10_184$c20101208$lBLL01$h1635
=CAT  \\$aWR12-140$c20121030$lBLL01$h1048
=CAT  \\$aWR13.144/5$c20140418$lBLL01$h0924
=FIN  \\$aY
=DRT  \\$aVDEP
=STA  \\$aSUPPRESSED$bWR10_184
=LAS  \\$aWR13.144/5$b00$c20140418$lBLL01$h0924

