=LDR  01849 am a2200541 a 4500
=001  012949338
=003  Uk
=005  20051107143427.0
=006  m\\\\|\\\d\|\\\\\\
=007  cr|||\|||a||||
=008  040712s2003\\\\stk||||\s||||\00|\f\eng\\
=FMT  \\$a  BK
=015  \\$aGBA457494$2bnb
=020  \\$a184350071X :$c£5.50
=020  \\$a1843500698 (Microsoft Reader) :$c£5.50
=020  \\$a1843500701 (Mobipocket) :$c£5.50
=040  \\$aUk$beng$cUk
=042  \\$aukblsr
=082  04$a823.92$222
=100  1\$aJones, Garth
=245  10$aSunspot$h[electronic resource] /$cGarth Jones.
=260  \\$aEdinburgh :$bSoft Editions,$c2003.
=336  \\$atext$2rdacontent
=337  \\$acomputer$2rdamedia
=338  \\$aonline resource$2rdacarrier
=538  \\$aMode of access: Internet.
=538  \\$aSystem requirements: Adobe Acrobat eBook Reader or Microsoft Reader or Mobipocket.
=500  \\$aTitle from title screen.
=516  \\$aPDF format.
=530  \\$aAlso issued in Microsoft Reader and Mobipocket formats.
=856  4\$uhttp://www.softeditions.com$zPublisher's home page
=852  41$aBritish Library$bHMNTS$j282903$cDRT
=CAT  \\$a6156$b40$c20040712$lBLL01$h1515
=CAT  \\$a8141$b40$c20040810$lBLL01$h1552
=CAT  \\$a8141$b40$c20040810$lBLL01$h1556
=CAT  \\$a8141$b40$c20040810$lBLL01$h1739
=CAT  \\$a11278$b40$c20040812$lBLL01$h1452
=CAT  \\$aUE-01$b00$c20040812$lBLL01$h1457
=CAT  \\$a11249$b40$c20051107$lBLL01$h1434
=CAT  \\$aBATCH-UPD$b40$c20071003$lBLL01$h1540
=CAT  \\$aBATCH$b00$c20080505$lBLL01$h1319
=CAT  \\$aWR10_184$c20101208$lBLL01$h1635
=CAT  \\$aWR12-140$c20121030$lBLL01$h1048
=CAT  \\$aWR13.144/5$c20140418$lBLL01$h0924
=FIN  \\$aY
=DRT  \\$aVDEP
=STA  \\$aSUPPRESSED$bWR10_184
=LAS  \\$aWR13.144/5$b00$c20140418$lBLL01$h0924

