=LDR  02084 am a2200577 a 4500
=001  012949348
=003  Uk
=005  20051028113622.0
=006  m\\\\|\\\d\|\\\\\\
=007  cr|||\|||a||||
=008  040712s2004\\\\stk||||\s||||\000\0\eng\\
=FMT  \\$a  BK
=015  \\$aGBA458756$2bnb
=020  \\$a1843500779 :$c£1.49
=020  \\$a1843500752 (Microsoft Reader) :$c£1.49
=020  \\$a1843500760 (Mobipocket) :$c£1.49
=040  \\$aUk$beng$cUk
=042  \\$aukblsr
=082  04$a395$222
=100  0\$aCensor.
=245  10$aDon't$h[electronic resource] :$ba manual of mistakes and improprieties more or less prevalent in conduct and speech /$cCensor.
=260  \\$aEdinburgh :$bSoft Editions,$c2004.
=336  \\$atext$2rdacontent
=337  \\$acomputer$2rdamedia
=338  \\$aonline resource$2rdacarrier
=538  \\$aMode of access: Internet.
=538  \\$aSystem requirements: Adobe Acrobat eBook Reader or Microsoft Reader or Mobipocket Reader.
=500  \\$aTitle from title screen.
=500  \\$aOriginally published in print: London : Chapman & Hall, 1908.
=516  \\$aPDF format.
=530  \\$aAlso issued in Microsoft Reader and Mobipocket Reader formats.
=530  \\$aAlso issued in print format.
=650  \0$aEtiquette.
=856  4\$uhttp://www.softeditions.com$zPublisher's home page
=852  41$aBritish Library$bHMNTS$j282897$cDRT
=CAT  \\$a6156$b40$c20040712$lBLL01$h1525
=CAT  \\$a6156$b40$c20040714$lBLL01$h1130
=CAT  \\$a6156$b40$c20040714$lBLL01$h1229
=CAT  \\$a8141$b40$c20040811$lBLL01$h1308
=CAT  \\$a8141$b40$c20040811$lBLL01$h1436
=CAT  \\$a11249$b40$c20041214$lBLL01$h0909
=CAT  \\$a11249$b40$c20051028$lBLL01$h1136
=CAT  \\$aBATCH-UPD$b40$c20071003$lBLL01$h1540
=CAT  \\$aBATCH$b00$c20080505$lBLL01$h1319
=CAT  \\$aWR10_184$c20101208$lBLL01$h1635
=CAT  \\$aWR12-140$c20121030$lBLL01$h1048
=CAT  \\$aWR13.144/5$c20140418$lBLL01$h0924
=FIN  \\$aY
=DRT  \\$aVDEP
=STA  \\$aSUPPRESSED$bWR10_184
=LAS  \\$aWR13.144/5$b00$c20140418$lBLL01$h0924

