=LDR  01634 am a2200481 a 4500
=001  013114317
=003  Uk
=005  20050301104030.0
=006  m\\\\|\\\d\|\\\\\\
=007  cr||||||||||||
=008  050217s2003\\\\enk\\\\\s\\\\||0|\0\eng\\
=FMT  \\$a  BK
=015  \\$aGBA517438$2bnb
=020  \\$cNo price
=040  \\$aUk$beng$cUk
=042  \\$aukblsr
=082  04$a346.0482$222
=100  1\$aBetti, Dario.
=245  10$aDigital rights management$h[electronic resource] :$bhow to sell and protect content /$cDario Betti, Michele MacKenzie.
=260  \\$a[London] :$bOvum,$cc2003.
=336  \\$atext$2rdacontent
=337  \\$acomputer$2rdamedia
=338  \\$aonline resource$2rdacarrier
=538  \\$aMode of access: World Wide Web.
=538  \\$aSystem requirements: IBM compatible PC; Windows; Adobe Acrobat Reader.
=500  \\$aTitle from title screen.
=516  \\$aPDF format.
=650  \0$aComputer security.
=650  \0$aPrivacy, Right of.
=650  \0$aData protection.
=650  \0$aCopyright and electronic data processing.
=700  1\$aMacKenzie, Michele.
=856  4\$uhttp://www.ovum.com/go/content/c,377,36459$zPublisher's abstract.
=852  41$aBritish Library$bHMNTS$j344902$cDRT
=CAT  \\$a7750$b40$c20050217$lBLL01$h0925
=CAT  \\$a11281$b40$c20050301$lBLL01$h1040
=CAT  \\$aBATCH$b00$c20080505$lBLL01$h1319
=CAT  \\$aWR13.144/5$c20140418$lBLL01$h0929
=CAT  \\$aW1711-1225$c20171203$lBLL01$h1021
=FIN  \\$aY$d20050301
=DRT  \\$aVDEP
=STA  \\$aSUPPRESSED$bunable to determine reason for suppression
=LAS  \\$aW1711-1225$b00$c20171203$lBLL01$h1021

