=LDR  01739 am a2200505 a 4500
=001  013114320
=003  Uk
=005  20050302155018.0
=006  m\\\\|\\\d\|\\\\\\
=007  cr||||||||||||
=008  050217s2003\\\\enk||||\s||||\00|\0\eng\\
=FMT  \\$a  BK
=015  \\$aGBA519455$2bnb
=020  \\$cNo price
=040  \\$aUk$beng$cUk
=042  \\$aukblsr
=082  04$a005.8$222
=100  10$aTitterington, Graham.
=245  10$aWeb services security$h[electronic resource] /$cby Graham Titterington, Christine Axton.
=260  \\$a[London] :$bOvum,$c2003.
=336  \\$atext$2rdacontent
=337  \\$acomputer$2rdamedia
=338  \\$aonline resource$2rdacarrier
=538  \\$aMode of access: Internet.
=538  \\$aSystem requirements: IBM compatible PC; Windows; Adobe Acrobat Reader.
=500  \\$aTitle from p.1 of PDF file.
=516  \\$aPDF format.
=650  \0$aWeb services.
=650  \0$aWeb sites$xSecurity measures.
=650  \0$aWeb sites$xSecurity measures$vCase studies.
=650  \0$aComputer networks$xSecurity measures.
=700  1\$aAxton, Christine.
=856  40$uhttp://store.ovum.com/detail.aspx?ID=699$zOverview and table of contents.
=852  41$aBritish Library$bHMNTS$j344978$cDRT
=CAT  \\$a7750$b40$c20050217$lBLL01$h0929
=CAT  \\$a7750$b40$c20050217$lBLL01$h0958
=CAT  \\$a8141$b40$c20050302$lBLL01$h1550
=CAT  \\$aBATCH$b00$c20080505$lBLL01$h1319
=CAT  \\$aWR13.144/5$c20140418$lBLL01$h0929
=CAT  \\$aW1711-1225$c20171203$lBLL01$h1021
=CAT  \\$aBATCH-UPD$b00$c20171203$lBLL01$h1120
=FIN  \\$aY$d20050302
=DRT  \\$aVDEP
=STA  \\$aSUPPRESSED$bunable to determine reason for suppression
=LAS  \\$aBATCH-UPD$b00$c20171203$lBLL01$h1120

