=LDR  01428 am a2200433 a 4500
=001  013114568
=003  Uk
=005  20050301142132.0
=006  m\\\\|\\\d\|\\\\\\
=007  cr||||||||||||
=008  050217s2003\\\\enk\\\\\s\\\\||0|\0\eng\\
=FMT  \\$a  BK
=015  \\$aGBA517478$2bnb
=020  \\$cNo price
=040  \\$aUk$beng$cUk
=042  \\$aukblsr
=082  04$a384.6$222
=245  00$aVoice : the future$h[electronic resource] /$cJosie Sephton ... [et al.].
=260  \\$a[London] :$bOvum Ltd.,$cc2003.
=336  \\$atext$2rdacontent
=337  \\$acomputer$2rdamedia
=338  \\$aonline resource$2rdacarrier
=538  \\$aMode of access: World Wide Web.
=538  \\$aSystem requirements: IBM compatible PC; Windows; Adobe Acrobat Reader.
=500  \\$aTitle from title screen.
=516  \\$aPDF format.
=650  \0$aTelecommunication.
=700  1\$aSephton, Josie.
=856  4\$uhttp://store.ovum.com/detail.aspx?ID=694$zPublisher's abstract.
=852  41$aBritish Library$bHMNTS$j344977$cDRT
=CAT  \\$a6524$b40$c20050217$lBLL01$h1138
=CAT  \\$a11281$b40$c20050301$lBLL01$h1421
=CAT  \\$aBATCH$b00$c20080505$lBLL01$h1319
=CAT  \\$aWR13.144/5$c20140418$lBLL01$h0929
=CAT  \\$aW1711-1225$c20171203$lBLL01$h1021
=FIN  \\$aY$d20050301
=DRT  \\$aVDEP
=STA  \\$aSUPPRESSED$bunable to determine reason for suppression
=LAS  \\$aW1711-1225$b00$c20171203$lBLL01$h1021

