=LDR  01518 am a2200457 a 4500
=001  013114681
=003  Uk
=005  20050304084757.0
=006  m\\\\|\\\d\|\\\\\\
=007  cr||||||||||||
=008  050217s2003\\\\enk\\\\\s\\\\||0|\0\eng\\
=FMT  \\$a  BK
=015  \\$aGBA519529$2bnb
=020  \\$cNo price
=040  \\$aUk$beng$cUk
=042  \\$aukblsr
=082  04$a658.054678$222
=100  10$aZoller, Eden.
=245  10$aWireless marketing opportunities$h[electronic resource] /$cEden Zoller.
=260  \\$aLondon :$bOvum Ltd.,$cc2003.
=336  \\$atext$2rdacontent
=337  \\$acomputer$2rdamedia
=338  \\$aonline resource$2rdacarrier
=538  \\$aMode of access: World Wide Web.
=538  \\$aSystem requirements: IBM compatible PC; Windows; Adobe Acrobat Reader.
=500  \\$aTitle from title screen.
=516  \\$aPDF format.
=650  \0$aWireless Internet.
=650  \0$aElectronic commerce.
=856  4\$uhttp://store.ovum.com/detail.aspx?ID=698$zPublisher's abstract.
=852  41$aBritish Library$bHMNTS$j344981$cDRT
=CAT  \\$a6524$b40$c20050217$lBLL01$h1223
=CAT  \\$a11281$b40$c20050304$lBLL01$h0847
=CAT  \\$aBATCH$b00$c20080505$lBLL01$h1319
=CAT  \\$aWR13.144/5$c20140418$lBLL01$h0929
=CAT  \\$aBATCH-UPD$b00$c20141022$lBLL01$h1705
=CAT  \\$aW1711-1225$c20171203$lBLL01$h1021
=FIN  \\$aY$d20050304
=DRT  \\$aVDEP
=STA  \\$aSUPPRESSED$bunable to determine reason for suppression
=LAS  \\$aW1711-1225$b00$c20171203$lBLL01$h1021

