=LDR  01397 am a2200421 a 4500
=001  013114748
=003  Uk
=005  20050304135456.0
=006  m\\\\|\\\d\|\\\\\\
=007  cr||||||||||||
=008  050217s2003\\\\enk\\\\\s\\\\||0|\0\eng\\
=FMT  \\$a  BK
=015  \\$aGBA519664$2bnb
=020  \\$cNo price
=040  \\$aUk$beng$cUk
=042  \\$aukblsr
=082  04$a384.6$222
=245  00$aUtility-based telcos$h[electronic resource] :$ba changing business model.
=260  \\$a[London] :$bOvum Ltd.,$cc2003.
=336  \\$atext$2rdacontent
=337  \\$acomputer$2rdamedia
=338  \\$aonline resource$2rdacarrier
=538  \\$aMode of access: World Wide Web.
=538  \\$aSystem requirements: IBM compatible PC; Windows; Adobe Acrobat Reader.
=500  \\$aTitle from title screen.
=516  \\$aPDF format.
=650  \0$aTelecommunication.
=856  4\$uhttp://store.ovum.com/detail.aspx?ID=692$zPublisher's abstract.
=852  41$aBritish Library$bHMNTS$j344975$cDRT
=CAT  \\$a6524$b40$c20050217$lBLL01$h1333
=CAT  \\$a11281$b40$c20050304$lBLL01$h1354
=CAT  \\$aBATCH$b00$c20080505$lBLL01$h1319
=CAT  \\$aWR13.144/5$c20140418$lBLL01$h0929
=CAT  \\$aW1711-1225$c20171203$lBLL01$h1021
=FIN  \\$aY$d20050304
=DRT  \\$aVDEP
=STA  \\$aSUPPRESSED$bunable to determine reason for suppression
=LAS  \\$aW1711-1225$b00$c20171203$lBLL01$h1021

