=LDR  01669 am a2200481 a 4500
=001  013114777
=003  Uk
=005  20110105154837.0
=006  m\\\\|\\\d\|\\\\\\
=007  cr||||||||||||
=008  050217s2003\\\\enk\\\\\s\\\\||0|\0\eng\\
=FMT  \\$a  BK
=015  \\$aGBA519831$2bnb
=020  \\$cNo price
=040  \\$aUk$beng$cUk
=042  \\$aukblsr
=082  04$a621.3845$222
=100  1\$aDelaney, John,$d1962 June 3-
=245  10$aMessaging services$h[electronic resource] :$bthe engine of growth for wireless data /$cJohn Delaney.
=260  \\$aLondon :$bOvum Ltd.,$c2003.
=336  \\$atext$2rdacontent
=337  \\$acomputer$2rdamedia
=338  \\$aonline resource$2rdacarrier
=538  \\$aMode of access: World Wide Web.
=538  \\$aSystem requirements: IBM compatible PC; Windows; Adobe Acrobat Reader.
=500  \\$aTitle from title screen.
=516  \\$aPDF format.
=650  \0$aPersonal communication service systems.
=650  \0$aCell phone systems.
=856  4\$uhttp://www.ovum.com/go/content/WMS.htm$zPublisher's abstract.
=852  41$aBritish Library$bHMNTS$j344943$cDRT
=CAT  \\$a6524$b40$c20050217$lBLL01$h1349
=CAT  \\$a6524$b40$c20050217$lBLL01$h1352
=CAT  \\$a11281$b40$c20050307$lBLL01$h0933
=CAT  \\$a7196$b40$c20050330$lBLL01$h1125
=CAT  \\$aBATCH$b00$c20080505$lBLL01$h1319
=CAT  \\$a11249$b40$c20110105$lBLL01$h1548
=CAT  \\$aWR13.144/5$c20140418$lBLL01$h0929
=CAT  \\$aW1711-1225$c20171203$lBLL01$h1021
=FIN  \\$aY$d20050307
=DRT  \\$aVDEP
=STA  \\$aSUPPRESSED$bunable to determine reason for suppression
=LAS  \\$aW1711-1225$b00$c20171203$lBLL01$h1021

