=LDR  01616 am a2200481 a 4500
=001  013114950
=003  Uk
=005  20050303135619.0
=006  m\\\\|\\\d\|\\\\\\
=007  cr||||||||||||
=008  050217s2003\\\\enk||||\s||||\00|\0\eng\\
=FMT  \\$a  BK
=015  \\$aGBA519499$2bnb
=020  \\$cNo price
=040  \\$aUk$beng$cUk
=042  \\$aukblsr
=082  04$a621.38508254678$222
=100  1\$aStevenson, Iain.
=245  10$aVoice over IP$h[electronic resource] :$bstrategies in the consumer market /$cby Iain Stevenson and Mark Main.
=260  \\$a[London] :$bOvum,$c2003.
=336  \\$atext$2rdacontent
=337  \\$acomputer$2rdamedia
=338  \\$aonline resource$2rdacarrier
=538  \\$aMode of access: Internet.
=538  \\$aSystem requirements: IBM compatible PC; Windows; Adobe Acrobat Reader.
=500  \\$aTitle from PDF title page.
=516  \\$aPDF format.
=650  \0$aInternet telephony.
=650  \0$aInternet telephony$xMarketing.
=700  1\$aMain, Mark.
=856  40$uhttp://store.ovum.com/detail.aspx?ID=693$zOverview and table of contents.
=852  41$aBritish Library$bHMNTS$j344976$cDRT
=CAT  \\$a6524$b40$c20050217$lBLL01$h1523
=CAT  \\$a8141$b40$c20050303$lBLL01$h1356
=CAT  \\$aBATCH-UPD$b40$c20070912$lBLL01$h2021
=CAT  \\$aBATCH$b00$c20080505$lBLL01$h1319
=CAT  \\$aWR10_184$c20101208$lBLL01$h1635
=CAT  \\$aWR12-140$c20121030$lBLL01$h1048
=CAT  \\$aWR13.144/5$c20140418$lBLL01$h0929
=FIN  \\$aY$d20050303
=DRT  \\$aVDEP
=STA  \\$aSUPPRESSED$bWR10_184
=LAS  \\$aWR13.144/5$b00$c20140418$lBLL01$h0929

