=LDR  01645 am a2200493 a 4500
=001  013117221
=003  Uk
=005  20110105154826.0
=006  m\\\\|\\\d\|\\\\\\
=007  cr||||||||||||
=008  050222s2003\\\\enk\\\\\s\\\\||0|\0\eng\\
=FMT  \\$a  BK
=015  \\$aGBA524136$2bnb
=020  \\$cNo price
=040  \\$aUk$beng$cUk
=042  \\$aukblsr
=082  04$a384.53$222
=100  1\$aGarner, Martin.
=245  10$aOutsourcing wireless operators' infrastructure$h[electronic resource] /$c[by Martin Garner].
=260  \\$a[London] :$bOvum,$cc2003.
=336  \\$atext$2rdacontent
=337  \\$acomputer$2rdamedia
=338  \\$aonline resource$2rdacarrier
=538  \\$aMode of access: World Wide Web.
=538  \\$aSystem requirements: IBM compatible PC; Windows; Adobe Acrobat Reader.
=500  \\$aTitle from PDF title screen.
=516  \\$aPDF format.
=650  \0$aWireless communication systems.
=650  \0$aCell phone systems.
=650  \0$aContracting out.
=856  4\$uhttp://store.ovum.com/detail.aspx?ID=610$zPublisher's abstract.
=852  41$aBritish Library$bHMNTS$j345039$cDRT
=CAT  \\$a10902$b40$c20050222$lBLL01$h1132
=CAT  \\$a11281$b40$c20050316$lBLL01$h1232
=CAT  \\$aBATCH-UPD$b40$c20070912$lBLL01$h2021
=CAT  \\$aBATCH$b00$c20080505$lBLL01$h1319
=CAT  \\$aWR10_184$c20101208$lBLL01$h1635
=CAT  \\$a11249$b40$c20110105$lBLL01$h1548
=CAT  \\$aWR12-140$c20121030$lBLL01$h1048
=CAT  \\$aWR13.144/5$c20140418$lBLL01$h0929
=FIN  \\$aY$d20050316
=DRT  \\$aVDEP
=STA  \\$aSUPPRESSED$bWR10_184
=LAS  \\$aWR13.144/5$b00$c20140418$lBLL01$h0929

