=LDR  01753 am a2200517 a 4500
=001  013117264
=003  Uk
=005  20050304090608.0
=006  m\\\\|\\\d\|\\\\\\
=007  cr||||||||||||
=008  050222s2003\\\\enk\\\\\s\\\\||0|\0\eng\\
=FMT  \\$a  BK
=015  \\$aGBA519535$2bnb
=020  \\$cNo price
=040  \\$aUk$beng$cUk
=042  \\$aukblsr
=082  04$a658.054678$222
=100  10$aZoller, Eden.
=245  10$aWireless ASPs$h[electronic resource] :$bmoving up the value chain /$c[by Eden Zoller, Michele MacKenzie].
=260  \\$aLondon :$bOvum,$cc2003.
=336  \\$atext$2rdacontent
=337  \\$acomputer$2rdamedia
=338  \\$aonline resource$2rdacarrier
=538  \\$aMode of access: World Wide Web.
=538  \\$aSystem requirements: IBM compatible PC; Windows; Adobe Acrobat Reader.
=500  \\$aTitle from title screen.
=516  \\$aPDF format.
=650  \0$aWireless Internet.
=650  \0$aElectronic commerce.
=690  7\$aManagement and Business Studies$2blcoll
=700  1\$aMacKenzie, Michele.
=856  4\$uhttp://store.ovum.com/detail.aspx?ID=619$zPublisher's abstract.
=852  41$aBritish Library$bHMNTS$j345045$cDRT
=CAT  \\$a10902$b40$c20050222$lBLL01$h1149
=CAT  \\$a11281$b40$c20050304$lBLL01$h0906
=CAT  \\$aBATCH-UPD$b40$c20070912$lBLL01$h2021
=CAT  \\$aBATCH$b00$c20080505$lBLL01$h1319
=CAT  \\$aBATCH$b00$c20090611$lBLL01$h1716
=CAT  \\$aWR10_184$c20101208$lBLL01$h1635
=CAT  \\$aWR12-140$c20121030$lBLL01$h1048
=CAT  \\$aWR13.144/5$c20140418$lBLL01$h0929
=CAT  \\$aBATCH-UPD$b00$c20141022$lBLL01$h1705
=FIN  \\$aY$d20050304
=DRT  \\$aVDEP
=STA  \\$aSUPPRESSED$bWR10_184
=LAS  \\$aBATCH-UPD$b00$c20141022$lBLL01$h1705

