=LDR  01798 am a2200529 a 4500
=001  013117288
=003  Uk
=005  20050309112052.0
=006  m\\\\|\\\d\|\\\\\\
=007  cr||||||||||||
=008  050222s2003\\\\enk\\\\\s\\\\||0|\0\eng\\
=FMT  \\$a  BK
=015  \\$aGBA520123$2bnb
=020  \\$cNo price
=040  \\$aUk$beng$cUk
=042  \\$aukblsr
=082  04$a658.054678$222
=100  1\$aGreen, Jeremy,$d1958-
=245  10$aWireless in the enterprise$h[electronic resource] :$bdata services /$c[by Jeremy Green, Elsa Lion, Jessica Figueras.].
=260  \\$a[London] :$bOvum,$c2003.
=336  \\$atext$2rdacontent
=337  \\$acomputer$2rdamedia
=338  \\$aonline resource$2rdacarrier
=538  \\$aMode of access: World Wide Web.
=538  \\$aSystem requirements: IBM compatible PC; Windows; Adobe Acrobat Reader.
=500  \\$aTitle from title screen.
=516  \\$aPDF format.
=650  \0$aWireless Internet.
=650  \0$aElectronic commerce.
=690  7\$aManagement and Business Studies$2blcoll
=700  1\$aLion, Elsa.
=700  1\$aFigueras, Jessica.
=856  4\$uhttp://store.ovum.com/detail.aspx?ID=728$zPublisher's abstract.
=852  41$aBritish Library$bHMNTS$j345047$cDRT
=CAT  \\$a10902$b40$c20050222$lBLL01$h1200
=CAT  \\$a11281$b40$c20050308$lBLL01$h1458
=CAT  \\$a5194$b40$c20050309$lBLL01$h1120
=CAT  \\$aBATCH-UPD$b40$c20070912$lBLL01$h2021
=CAT  \\$aBATCH$b00$c20080505$lBLL01$h1319
=CAT  \\$aBATCH$b00$c20090611$lBLL01$h1716
=CAT  \\$aWR10_184$c20101208$lBLL01$h1635
=CAT  \\$aWR12-140$c20121030$lBLL01$h1048
=CAT  \\$aWR13.144/5$c20140418$lBLL01$h0929
=FIN  \\$aY$d20050308
=DRT  \\$aVDEP
=STA  \\$aSUPPRESSED$bWR10_184
=LAS  \\$aWR13.144/5$b00$c20140418$lBLL01$h0929

