=LDR  01668 am a2200493 a 4500
=001  013117370
=003  Uk
=005  20050302113619.0
=006  m\\\\|\\\d\|\\\\\\
=007  cr||||||||||||
=008  050222s2003\\\\enk||||\s||||\00|\0\eng\\
=FMT  \\$a  BK
=015  \\$aGBA517505$2bnb
=020  \\$cNo price
=040  \\$aUk$beng$cUk
=042  \\$aukblsr
=082  04$a658.4038$222
=100  1\$aKittmer, Sarah.
=245  10$aContent management - best practice$h[electronic resource] /$cSarah Kittmer.
=260  \\$a[London] :$bOvum,$c2003.
=336  \\$atext$2rdacontent
=337  \\$acomputer$2rdamedia
=338  \\$aonline resource$2rdacarrier
=538  \\$aMode of access: Internet.
=538  \\$aSystem requirements: IBM compatible PC; Windows; Adobe Acrobat Reader.
=500  \\$aTitle from p.1 of PDF file.
=516  \\$aPDF format.
=650  \0$aInformation resources management.
=690  7\$aManagement and Business Studies$2blcoll
=856  40$uhttp://store.ovum.com/detail.aspx?ID=707$zOverview and table of contents.
=852  41$aBritish Library$bHMNTS$j345031$cDRT
=CAT  \\$a10902$b40$c20050222$lBLL01$h1307
=CAT  \\$a8141$b40$c20050301$lBLL01$h1618
=CAT  \\$a5194$b40$c20050302$lBLL01$h1136
=CAT  \\$aBATCH-UPD$b40$c20070912$lBLL01$h2021
=CAT  \\$aBATCH$b00$c20080505$lBLL01$h1319
=CAT  \\$aBATCH$b00$c20090611$lBLL01$h1716
=CAT  \\$aWR10_184$c20101208$lBLL01$h1635
=CAT  \\$aWR12-140$c20121030$lBLL01$h1048
=CAT  \\$aWR13.144/5$c20140418$lBLL01$h0929
=FIN  \\$aY$d20050301
=DRT  \\$aVDEP
=STA  \\$aSUPPRESSED$bWR10_184
=LAS  \\$aWR13.144/5$b00$c20140418$lBLL01$h0929

