=LDR  01814 am a2200541 a 4500
=001  013117384
=003  Uk
=005  20070928154753.0
=006  m\\\\|\\\d\|\\\\\\
=007  cr||||||||||||
=008  050222s2004\\\\enk||||\s||||\00|\0\eng\\
=FMT  \\$a  BK
=015  \\$aGBA517329$2bnb
=020  \\$cNo price
=040  \\$aUk$beng$cUk
=042  \\$aukblsr
=082  04$a338.470053$222
=100  1\$aLachal, Laurent.
=245  10$aLinux$h[electronic resource] :$bthe market opportunity /$cby Laurent Lachal.
=260  \\$a[London] :$bOvum,$cc2004.
=336  \\$atext$2rdacontent
=337  \\$acomputer$2rdamedia
=338  \\$aonline resource$2rdacarrier
=538  \\$aMode of access: Internet.
=538  \\$aSystem requirements: IBM compatible PC; Windows; Adobe Acrobat Reader.
=500  \\$aTitle from p.1 of PDF file.
=516  \\$aPDF format.
=630  00$aLinux.
=650  \0$aOperating systems (Computers)
=650  \0$aComputer software industry.
=650  \0$aMarket surveys.
=690  7\$aManagement and Business Studies$2blcoll
=856  40$uhttp://store.ovum.com/detail.aspx?ID=724$zOverview and table contents.
=852  41$aBritish Library$bHMNTS$j345038$cDRT
=CAT  \\$a10902$b40$c20050222$lBLL01$h1321
=CAT  \\$a8141$b40$c20050228$lBLL01$h0929
=CAT  \\$a5194$b40$c20050302$lBLL01$h0907
=CAT  \\$aBATCH-UPD$b40$c20070912$lBLL01$h2021
=CAT  \\$a11249$b40$c20070928$lBLL01$h1547
=CAT  \\$aBATCH$b00$c20080505$lBLL01$h1319
=CAT  \\$aBATCH$b00$c20090611$lBLL01$h1716
=CAT  \\$aWR10_184$c20101208$lBLL01$h1635
=CAT  \\$aWR12-140$c20121030$lBLL01$h1048
=CAT  \\$aWR13.144/5$c20140418$lBLL01$h0929
=FIN  \\$aY$d20050228
=DRT  \\$aVDEP
=STA  \\$aSUPPRESSED$bWR10_184
=LAS  \\$aWR13.144/5$b00$c20140418$lBLL01$h0929

