=LDR  01565 am a2200469 a 4500
=001  013117437
=003  Uk
=005  20110105154949.0
=006  m\\\\|\\\d\|\\\\\\
=007  cr||||||||||||
=008  050222s2004\\\\enk\\\\\s\\\\||0|\0\eng\\
=FMT  \\$a  BK
=015  \\$aGBA522069$2bnb
=020  \\$cNo price
=040  \\$aUk$beng$cUk
=042  \\$aukblsr
=082  04$a384.64$222
=245  00$aDefending against mobile substitution$h[electronic resource] :$bstrategies for fixed operators.
=260  \\$a[London] :$bOvum,$c2004.
=336  \\$atext$2rdacontent
=337  \\$acomputer$2rdamedia
=338  \\$aonline resource$2rdacarrier
=538  \\$aMode of access: World Wide Web.
=538  \\$aSystem requirements: IBM compatible PC; Windows; Adobe Acrobat Reader.
=500  \\$aTitle from title screen.
=516  \\$aPDF format.
=650  \0$aTelecommunication.
=650  \0$aCell phone systems.
=856  4\$uhttp://store.ovum.com/detail.aspx?ID=760$zPublisher's abstract.
=852  41$aBritish Library$bHMNTS$j345033$cDRT
=CAT  \\$a10902$b40$c20050222$lBLL01$h1353
=CAT  \\$a11281$b40$c20050309$lBLL01$h0939
=CAT  \\$aBATCH-UPD$b40$c20070912$lBLL01$h2021
=CAT  \\$aBATCH$b00$c20080505$lBLL01$h1319
=CAT  \\$aWR10_184$c20101208$lBLL01$h1635
=CAT  \\$a11249$b40$c20110105$lBLL01$h1549
=CAT  \\$aWR12-140$c20121030$lBLL01$h1048
=CAT  \\$aWR13.144/5$c20140418$lBLL01$h0929
=FIN  \\$aY$d20050309
=DRT  \\$aVDEP
=STA  \\$aSUPPRESSED$bWR10_184
=LAS  \\$aWR13.144/5$b00$c20140418$lBLL01$h0929

