=LDR  01845 am a2200529 a 4500
=001  013117466
=003  Uk
=005  20050301152959.0
=006  m\\\\|\\\d\|\\\\\\
=007  cr||||||||||||
=008  050222s2004\\\\enk||||\s||||\00|\0\eng\\
=FMT  \\$a  BK
=015  \\$aGBA517493$2bnb
=020  \\$cNo price
=040  \\$aUk$beng$cUk
=042  \\$aukblsr
=082  04$a651.50285$222
=100  1\$aPelz-Sharpe, Alan.
=245  10$aElectronic records management$h[electronic resource] :$ball you need for compliance /$cAlan Pelz-Sharpe, Angela Ashenden.
=260  \\$a[London] :$bOvum,$c2004.
=336  \\$atext$2rdacontent
=337  \\$acomputer$2rdamedia
=338  \\$aonline resource$2rdacarrier
=538  \\$aMode of access: World Wide Web.
=538  \\$aSystem requirements: IBM compatible PC; Windows; Adobe Acrobat Reader.
=500  \\$aTitle from PDF title page.
=516  \\$aPDF format.
=650  \0$aElectronic records$xManagement.
=650  \0$aElectronic records$xManagement$vCase studies.
=650  \0$aBusiness records$xManagement.
=650  \0$aElectronic public records$xManagement.
=650  \0$aMarket surveys.
=700  1\$aAshenden, Angela.
=856  40$uhttp://store.ovum.com/detail.aspx?ID=721$zOverview and table of contents.
=852  41$aBritish Library$bHMNTS$j345035$cDRT
=CAT  \\$a10902$b40$c20050222$lBLL01$h1407
=CAT  \\$a8141$b40$c20050301$lBLL01$h1527
=CAT  \\$a8141$b40$c20050301$lBLL01$h1530
=CAT  \\$aBATCH-UPD$b40$c20070912$lBLL01$h2021
=CAT  \\$aBATCH$b00$c20080505$lBLL01$h1319
=CAT  \\$aWR10_184$c20101208$lBLL01$h1635
=CAT  \\$aWR12-140$c20121030$lBLL01$h1048
=CAT  \\$aWR13.144/5$c20140418$lBLL01$h0929
=FIN  \\$aY$d20050301
=DRT  \\$aVDEP
=STA  \\$aSUPPRESSED$bWR10_184
=LAS  \\$aWR13.144/5$b00$c20140418$lBLL01$h0929

