=LDR  01775 am a2200529 a 4500
=001  013117646
=003  Uk
=005  20050309105621.0
=006  m\\\\|\\\d\|\\\\\\
=007  cr||||||||||||
=008  050222s2003\\\\enk\\\\\s\\\\||0|\0\eng\\
=FMT  \\$a  BK
=015  \\$aGBA520068$2bnb
=020  \\$cNo price
=040  \\$aUk$beng$cUk
=042  \\$aukblsr
=082  04$a384$222
=100  1\$aDawson, Jan,$d1975-
=245  10$aSMEs$h[electronic resource] :$bindirect channel strategies /$cby Jan Dawson, Angel Dobardziev.
=260  \\$a[London] :$bOvum,$cc2003.
=336  \\$atext$2rdacontent
=337  \\$acomputer$2rdamedia
=338  \\$aonline resource$2rdacarrier
=538  \\$aMode of access: World Wide Web.
=538  \\$aSystem requirements: IBM compatible PC; Windows; Adobe Acrobat Reader.
=500  \\$aTitle from title screen.
=516  \\$aPDF format.
=650  \0$aSmall business.
=650  \0$aTelecommunication.
=700  1\$aDobardziev, Angel.
=856  4\$uhttp://store.ovum.com/detail.aspx?ID=727$zPublisher's abstract.
=852  41$aBritish Library$bHMNTS$j345040$cDRT
=CAT  \\$a10902$b40$c20050222$lBLL01$h1537
=CAT  \\$a11281$b40$c20050308$lBLL01$h1125
=CAT  \\$a5194$b40$c20050309$lBLL01$h1056
=CAT  \\$aBATCH$b00$c20070816$lBLL01$h1701
=CAT  \\$aBATCH$b00$c20070816$lBLL01$h1702
=CAT  \\$aBATCH$b00$c20070817$lBLL01$h1114
=CAT  \\$aBATCH-UPD$b00$c20070912$lBLL01$h2021
=CAT  \\$aBATCH$b00$c20080505$lBLL01$h1319
=CAT  \\$aWR10_184$c20101208$lBLL01$h1635
=CAT  \\$aWR12-140$c20121030$lBLL01$h1048
=CAT  \\$aWR13.144/5$c20140418$lBLL01$h0929
=FIN  \\$aY$d20050308
=DRT  \\$aVDEP
=STA  \\$aSUPPRESSED$bWR10_184
=LAS  \\$aWR13.144/5$b00$c20140418$lBLL01$h0929

