=LDR  01491 am a2200445 a 4500
=001  013131427
=003  Uk
=005  20050324115213.0
=006  m\\\\|\\\d\|\\\\\\
=007  cr||n||||a||||
=008  050309s2004\\\\enk||||\s||||\00|\f\eng\\
=FMT  \\$a  BK
=015  \\$aGBA524319$2bnb
=020  \\$a0954962109 :$c£4.00
=040  \\$aUk$beng$cUk
=042  \\$aukblsr
=082  04$a823.92$222
=100  1\$aLindsey, Jack$q(Jack K.)
=245  10$aCogrill's mill$h[electronic resource] /$cJack Lindsey.
=260  \\$a[England] :$bPeatmore Press,$c2004.
=336  \\$atext$2rdacontent
=337  \\$acomputer$2rdamedia
=338  \\$aonline resource$2rdacarrier
=538  \\$aMode of access: Internet.
=538  \\$aSystem requirements: IBM compatible PC; Windows; Adobe Acrobat Reader.
=500  \\$aTitle from PDF title page.
=516  \\$aPDF format.
=856  40$uhttp://peatmore.com/cogrills.htm$zAddress for purchasing item
=852  41$aBritish Library$bHMNTS$j339870$cDRT
=CAT  \\$a7750$b40$c20050309$lBLL01$h1040
=CAT  \\$a8141$b40$c20050318$lBLL01$h1053
=CAT  \\$a8141$b40$c20050318$lBLL01$h1057
=CAT  \\$a5194$b40$c20050324$lBLL01$h1152
=CAT  \\$aBATCH$b00$c20080505$lBLL01$h1320
=CAT  \\$aWR13.144/5$c20140418$lBLL01$h0929
=CAT  \\$aW1711-1225$c20171203$lBLL01$h1021
=FIN  \\$aY$d20050318
=DRT  \\$aVDEP
=STA  \\$aSUPPRESSED$bunable to determine reason for suppression
=LAS  \\$aW1711-1225$b00$c20171203$lBLL01$h1021

