=LDR  01770 am a2200481 a 4500
=001  013137008
=003  Uk
=005  20050317093210.0
=006  m\\\\|\\\d\|\\\\\\
=007  cr|cn||||a||||
=008  050316s200u\\\\stk||||\s||||\00|\j\eng\\
=FMT  \\$a  BK
=015  \\$aGBA524214$2bnb
=020  \\$cNo price
=040  \\$aUk$beng$cUk
=042  \\$aukblsr
=082  04$a823.8$222
=100  0\$aSaki,$d1870-1916.
=245  10$aReginald in Russia, and other sketches$h[electronic resource] /$cSaki.
=260  \\$a[Edinburgh] :$bSoft Editions,.
=336  \\$atext$2rdacontent
=337  \\$acomputer$2rdamedia
=338  \\$aonline resource$2rdacarrier
=538  \\$aMode of access: World Wide Web.
=538  \\$aSystem requirements: IBM compatible PC; Windows; Adobe eReader, Microsoft Reader, Mobipocket Reader, eRocket Reader, or Palm Reader.
=500  \\$aTitle from PDF title page.
=500  \\$aOriginally published in print: London : Methuen & Co., 1910.
=516  \\$aPDF format.
=530  \\$aAlso issued in: Microsoft Reader, Mobipocket Reader, eRocket Reader, and Palm Reader formats.
=856  40$uhttp://www.softeditions.com/$zClick on Free eBooks and scroll down list.
=852  41$aBritish Library$bHMNTS$j357474$cDRT
=CAT  \\$a10902$b40$c20050316$lBLL01$h1140
=CAT  \\$a8141$b40$c20050317$lBLL01$h0932
=CAT  \\$aBATCH-UPD$b40$c20070912$lBLL01$h2021
=CAT  \\$aBATCH$b00$c20080505$lBLL01$h1320
=CAT  \\$aWR10_184$c20101208$lBLL01$h1635
=CAT  \\$aWR12-140$c20121030$lBLL01$h1048
=CAT  \\$aWR13.144/5$c20140418$lBLL01$h0929
=CAT  \\$aBATCH-UPD$b00$c20160924$lBLL01$h0046
=FIN  \\$aY$d20050317
=DRT  \\$aVDEP
=STA  \\$aSUPPRESSED$bWR10_184
=LAS  \\$aBATCH-UPD$b00$c20160924$lBLL01$h0046

