=LDR  01703 am a2200469 a 4500
=001  013137048
=003  Uk
=005  20050317084539.0
=006  m\\\\|\\\d\|\\\\\\
=007  cr|cn\|||a||||
=008  050316s2001\\\\stk||||\s||||\00|\j\eng\\
=FMT  \\$a  BK
=015  \\$aGBA524200$2bnb
=020  \\$cNo price
=040  \\$aUk$beng$cUk
=042  \\$aukblsr
=082  04$a813.4$222
=100  1\$aBierce, Ambrose,$d1842-1914?.
=245  14$aThe parenticide club$h[electronic resource] /$cAmbrose Bierce.
=260  \\$a[Edinburgh] :$bSoft Editions,$c2001.
=336  \\$atext$2rdacontent
=337  \\$acomputer$2rdamedia
=338  \\$aonline resource$2rdacarrier
=538  \\$aMode of access: World Wide Web.
=538  \\$aSystem requirements: IBM compatible PC; Windows; Adobe eReader, Microsoft Reader, Mobipocket Reader, eRocket Reader, or Palm Reader.
=500  \\$aTitle from PDF title page.
=516  \\$aPDF format.
=530  \\$aAlso issued in: Microsoft Reader, Mobipocket Reader, eRocket Reader, and Palm Reader formats.
=856  40$uhttp://www.softeditions.com/$zClick on Free eBooks and scroll down list.
=852  41$aBritish Library$bHMNTS$j357475$cDRT
=CAT  \\$a10902$b40$c20050316$lBLL01$h1155
=CAT  \\$a8141$b40$c20050317$lBLL01$h0845
=CAT  \\$aBATCH-UPD$b40$c20070912$lBLL01$h2021
=CAT  \\$aBATCH$b00$c20080505$lBLL01$h1320
=CAT  \\$aWR10_184$c20101208$lBLL01$h1635
=CAT  \\$aWR12-140$c20121030$lBLL01$h1048
=CAT  \\$aWR13.144/5$c20140418$lBLL01$h0929
=CAT  \\$aBATCH-UPD$b00$c20161104$lBLL01$h2057
=FIN  \\$aY$d20050317
=DRT  \\$aVDEP
=STA  \\$aSUPPRESSED$bWR10_184
=LAS  \\$aBATCH-UPD$b00$c20161104$lBLL01$h2057

