=LDR  01987 am a2200553 a 4500
=001  013177577
=003  Uk
=005  20050418091416.0
=006  m\\\\|\\\d\|\\\\\\
=007  cr|mn\|||a||||
=008  050415s2005\\\\enk||||\s||||\00||0\eng\\
=FMT  \\$a  BK
=015  \\$aGBA532415$2bnb
=020  \\$a095226031X :$c£5.95
=020  \\$a0952260301 (cased) :$cNo price
=040  \\$aUk$beng$cUk
=042  \\$aukblsr
=082  04$a567.9$222
=100  1\$aHurrell, Stephen.
=245  10$aDinosaurs and the expanding earth$h[electronic resource] :$bsolving the mystery of the dinosaurs' gigantic size /$cStephen Hurrell.
=260  \\$a[Great Britain] :$bOne-Off Publishing,$cc2003.
=336  \\$atext$2rdacontent
=337  \\$acomputer$2rdamedia
=338  \\$aonline resource$2rdacarrier
=538  \\$aMode of access: Internet.
=538  \\$aSystem requirements: IBM compatible PC; Windows; Adobe Acrobat Reader.
=500  \\$aTitle from PDF title page.
=500  \\$aPreviously issued in printed format: 1994.
=516  \\$aPDF format.
=530  \\$aAlso issued in print format.
=650  \0$aDinosaurs.
=650  \0$aGravity$xPhysiological effect.
=650  \0$aExpanding earth.
=856  40$uhttp://www.oneoffpublishing.com/dee.html$zPublisher's web site for sample pages and ordering information
=852  41$aBritish Library$bHMNTS$j359745$cDRT
=CAT  \\$a10902$b40$c20050415$lBLL01$h1451
=CAT  \\$a10902$b40$c20050415$lBLL01$h1455
=CAT  \\$a8141$b40$c20050415$lBLL01$h1556
=CAT  \\$a8141$b40$c20050415$lBLL01$h1557
=CAT  \\$a5194$b40$c20050418$lBLL01$h0914
=CAT  \\$aBATCH-UPD$b40$c20070912$lBLL01$h2021
=CAT  \\$aBATCH$b00$c20080505$lBLL01$h1320
=CAT  \\$aWR10_184$c20101208$lBLL01$h1635
=CAT  \\$aWR12-140$c20121030$lBLL01$h1048
=CAT  \\$aWR13.144/5$c20140418$lBLL01$h0930
=FIN  \\$aY$d20050415
=DRT  \\$aVDEP
=STA  \\$aSUPPRESSED$bWR10_184
=LAS  \\$aWR13.144/5$b00$c20140418$lBLL01$h0930

