=LDR  02024 am a2200565 a 4500
=001  013198101
=003  Uk
=005  20050516145026.0
=006  m\\\\|\\\d\|\\\\\\
=007  cr||||||||||||
=008  050516s2005\\\\enk||||\s||||o00|\0\eng\\
=FMT  \\$a  BK
=015  \\$aGBA541291$2bnb
=040  \\$aUk$beng$cUk
=042  \\$aukblsr
=082  04$a553.65$222
=245  00$aAnalysis of the size and shape of abrasives$h[electronic resource] /$cM.G. Gee ... [et al.].
=260  \\$aTeddington :$bNational Physical Laboratory,$c2005.
=336  \\$atext$2rdacontent
=337  \\$acomputer$2rdamedia
=338  \\$aonline resource$2rdacarrier
=490  1\$aNPL report DEPC MPE ;$v009
=538  \\$aMode of access: World Wide Web.
=538  \\$aSystem requirements: IBM compatible PC; Windows; Adobe Acrobat Reader.
=500  \\$aTitle from cover of PDF document.
=516  \\$aPDF format.
=650  \0$aAbrasives$xMeasurement.
=650  \0$aConfocal microscopy.
=650  \0$aImage analysis.
=700  1\$aGee, M. G.
=710  2\$aNational Physical Laboratory (Great Britain)
=856  40$uhttp://www.npl.co.uk/publications/$zAvailable for download on completion of individual/organisation details.
=830  \0$aNPL report DEPC MPE ;$v009
=852  41$aBritish Library$bHMNTS$j357066$cDRT
=CAT  \\$a6524$b40$c20050516$lBLL01$h0922
=CAT  \\$a6524$b40$c20050516$lBLL01$h0923
=CAT  \\$a8141$b40$c20050516$lBLL01$h1423
=CAT  \\$a8141$b40$c20050516$lBLL01$h1426
=CAT  \\$a8141$b40$c20050516$lBLL01$h1450
=CAT  \\$aBATCH-UPD$b40$c20070912$lBLL01$h2022
=CAT  \\$aBATCH$b00$c20080505$lBLL01$h1320
=CAT  \\$aBATCH$b00$c20091217$lBLL01$h0351
=CAT  \\$aWR10_184$c20101208$lBLL01$h1635
=CAT  \\$aBATCH-UPD$b00$c20101208$lBLL01$h1639
=CAT  \\$aWR12-140$c20121030$lBLL01$h1049
=CAT  \\$aWR13.144/5$c20140418$lBLL01$h0931
=FIN  \\$aY$d20050516
=DRT  \\$aVDEP
=STA  \\$aSUPPRESSED$bWR10_184
=LAS  \\$aWR13.144/5$b00$c20140418$lBLL01$h0931

