=LDR  01987 am a2200565 a 4500
=001  013198427
=003  Uk
=005  20050518094716.0
=006  m\\\\|\\\d\|\\\\\\
=007  cr||||||||||||
=008  050516s2004\\\\enk||||\s||||o00|\0\eng\\
=FMT  \\$a  BK
=015  \\$aGBA541333$2bnb
=040  \\$aUk$beng$cUk
=042  \\$aukblsr
=082  04$a621.38275$222
=100  1\$aTomlins, P. E.
=245  10$aCharacterisation of a fibre optic raman amplifier$h[electronic resource] /$cPete Tomlins and Martin Wicks.
=260  \\$aTeddington :$bNational Physical Laboratory,$c2004.
=336  \\$atext$2rdacontent
=337  \\$acomputer$2rdamedia
=338  \\$aonline resource$2rdacarrier
=490  1\$aNPL report DEM-EM ;$v003
=538  \\$aMode of access: World Wide Web.
=538  \\$aSystem requirements: IBM compatible PC; Windows; Adobe Acrobat Reader.
=500  \\$aTitle from PDF title page.
=516  \\$aPDF format.
=650  \0$aFiber optics.
=650  \0$aOptical communications.
=650  \0$aOptical amplifiers.
=650  \0$aRaman effect.
=700  1\$aWicks, Martin.
=710  2\$aNational Physical Laboratory (Great Britain)
=856  40$uhttp://www.npl.co.uk/electromagnetic/publications/$zElectronic copy available from publisher on request.
=830  \0$aNPL report DEM-EM ;$v003
=852  41$aBritish Library$bHMNTS$j357068$cDRT
=CAT  \\$a6524$b40$c20050516$lBLL01$h1202
=CAT  \\$a6524$b40$c20050516$lBLL01$h1204
=CAT  \\$a8141$b40$c20050517$lBLL01$h0936
=CAT  \\$a5194$b40$c20050518$lBLL01$h0947
=CAT  \\$aBATCH-UPD$b40$c20070912$lBLL01$h2022
=CAT  \\$aBATCH$b00$c20080505$lBLL01$h1320
=CAT  \\$aBATCH$b00$c20091217$lBLL01$h0351
=CAT  \\$aWR10_184$c20101208$lBLL01$h1635
=CAT  \\$aWR12-140$c20121030$lBLL01$h1049
=CAT  \\$aWR13.144/5$c20140418$lBLL01$h0931
=FIN  \\$aY$d20050517
=DRT  \\$aVDEP
=STA  \\$aSUPPRESSED$bWR10_184
=LAS  \\$aWR13.144/5$b00$c20140418$lBLL01$h0931

