=LDR  01745 am a2200517 a 4500
=001  013288703
=003  Uk
=005  20051104131104.0
=006  m\\\\|\\\d\|\\\\\\
=007  cr||||||||||||
=008  050907s2004\\\\enk\\\\\s\\\\\000\0\eng\\
=FMT  \\$a  BK
=015  \\$aGBA590081$2bnb
=020  \\$a1846441048 :$c£4.97
=040  \\$aUk$beng$cUk
=042  \\$aukblsr
=082  04$a629.2222$222
=245  00$aUsed Jaguar XJ series (1986 - 1994) buyer's guide$h[electronic resource].
=260  \\$aLondon :$bUsed Car Expert (SDO),$cc2004.
=336  \\$atext$2rdacontent
=337  \\$acomputer$2rdamedia
=338  \\$aonline resource$2rdacarrier
=490  0\$aUsedCarExpert
=538  \\$aMode of access: World Wide Web.
=538  \\$aSystem requirements: Adobe Acrobat Reader.
=500  \\$aTitle from PDF title screen (viewed on 25 Oct., 2005)
=516  \\$aPDF format.
=650  \0$aJaguar automobile$xPurchasing.
=650  \0$aUsed cars$xPurchasing$zGreat Britain.
=710  2\$aUsed Car Expert (Firm)
=856  40$uhttp://www.UsedCarExpert.com$zTo purchase
=852  41$aBritish Library$bHMNTS$j404026$cDRT
=CAT  \\$a10902$b40$c20050907$lBLL01$h1105
=CAT  \\$a7332$b40$c20051025$lBLL01$h1642
=CAT  \\$a7332$b40$c20051025$lBLL01$h1648
=CAT  \\$a5194$b40$c20051103$lBLL01$h1644
=CAT  \\$a7332$b40$c20051104$lBLL01$h1311
=CAT  \\$aBATCH-UPD$b40$c20070912$lBLL01$h2022
=CAT  \\$aBATCH$b00$c20080505$lBLL01$h1320
=CAT  \\$aWR10_184$c20101208$lBLL01$h1635
=CAT  \\$aWR12-140$c20121030$lBLL01$h1049
=CAT  \\$aWR13.144/5$c20140418$lBLL01$h0932
=FIN  \\$aY$d20051025
=DRT  \\$aVDEP
=STA  \\$aSUPPRESSED$bWR10_184
=LAS  \\$aWR13.144/5$b00$c20140418$lBLL01$h0932

