=LDR  01738 am a2200517 a 4500
=001  013289697
=003  Uk
=005  20051110115031.0
=006  m\\\\|\\\d\|\\\\\\
=007  cr||||||||||||
=008  050908s2005\\\\enk\\\\\s\\\\\000\0\eng\\
=FMT  \\$a  BK
=015  \\$aGBA593869$2bnb
=020  \\$a1846440637 :$c£4.97
=040  \\$aUk$beng$cUk
=042  \\$aukblsr
=082  04$a629.2222$222
=245  00$aUsed MG F / TF (1995 - present) buyer's guide$h[electronic resource].
=260  \\$aLondon :$bUsed Car Expert (SDO),$cc2004.
=336  \\$atext$2rdacontent
=337  \\$acomputer$2rdamedia
=338  \\$aonline resource$2rdacarrier
=490  0\$aUsedCarExpert
=538  \\$aMode of access: World Wide Web.
=538  \\$aSystem requirements: Adobe Acrobat Reader.
=500  \\$aTitle from PDF title screen (viewed on 3 Nov., 2005)
=516  \\$aPDF format.
=650  \0$aM.G. automobile$xPurchasing.
=650  \0$aUsed cars$xPurchasing$zGreat Britain.
=710  2\$aUsed Car Expert (Firm)
=856  40$uhttp://www.UsedCarExpert.com$zTo purchase
=852  41$aBritish Library$bHMNTS$j404035$cDRT
=CAT  \\$a10902$b40$c20050908$lBLL01$h1413
=CAT  \\$a7332$b40$c20051103$lBLL01$h1304
=CAT  \\$a7332$b40$c20051103$lBLL01$h1319
=CAT  \\$a7332$b40$c20051104$lBLL01$h1249
=CAT  \\$a5194$b40$c20051110$lBLL01$h1150
=CAT  \\$aBATCH-UPD$b40$c20070912$lBLL01$h2022
=CAT  \\$aBATCH$b00$c20080505$lBLL01$h1320
=CAT  \\$aWR10_184$c20101208$lBLL01$h1636
=CAT  \\$aWR12-140$c20121030$lBLL01$h1049
=CAT  \\$aWR13.144/5$c20140418$lBLL01$h0933
=FIN  \\$aY$d20051103
=DRT  \\$aVDEP
=STA  \\$aSUPPRESSED$bWR10_184
=LAS  \\$aWR13.144/5$b00$c20140418$lBLL01$h0933

