=LDR  01646 am a2200493 a 4500
=001  013295131
=003  Uk
=005  20051107152333.0
=006  m\\\\|\\\d\|\\\\\\
=007  cr||||||||||||
=008  050919s2004\\\\enk\\\\\s\\\\\000\0\eng\\
=FMT  \\$a  BK
=015  \\$aGBA594209$2bnb
=020  \\$a184644201X :$c£4.97
=040  \\$aUk$beng$cUk
=042  \\$aukblsr
=082  04$a629.2222$222
=245  00$aUsed Porsche 911 (pre- 1996) buyer's guide$h[electronic resource].
=260  \\$aLondon :$bUsed Car Expert (SDO),$cc2004.
=336  \\$atext$2rdacontent
=337  \\$acomputer$2rdamedia
=338  \\$aonline resource$2rdacarrier
=490  0\$aUsedCarExpert
=538  \\$aMode of access: World Wide Web.
=538  \\$aSystem requirements: Adobe Acrobat Reader.
=500  \\$aTitle from PDF title screen (viewed on 7 Nov., 2005)
=516  \\$aPDF format.
=650  \0$aPorsche 911 automobile$xPurchasing.
=650  \0$aUsed cars$xPurchasing$zGreat Britain.
=710  2\$aUsed Car Expert (Firm)
=856  40$uhttp://www.UsedCarExpert.com$zTo purchase
=852  41$aBritish Library$bHMNTS$j405148$cDRT
=CAT  \\$a7750$b40$c20050919$lBLL01$h1427
=CAT  \\$a11249$b40$c20051107$lBLL01$h1448
=CAT  \\$a7332$b40$c20051107$lBLL01$h1523
=CAT  \\$aBATCH-UPD$b40$c20070912$lBLL01$h2022
=CAT  \\$aBATCH$b00$c20080505$lBLL01$h1320
=CAT  \\$aWR10_184$c20101208$lBLL01$h1636
=CAT  \\$aWR12-140$c20121030$lBLL01$h1049
=CAT  \\$aWR13.144/5$c20140418$lBLL01$h0933
=FIN  \\$aY$d20051107
=DRT  \\$aVDEP
=STA  \\$aSUPPRESSED$bWR10_184
=LAS  \\$aWR13.144/5$b00$c20140418$lBLL01$h0933

