=LDR  01945 am a2200577 a 4500
=001  006944770
=003  Uk
=005  20070817174059.0
=006  m\\\\|\\\d\|\\\\\\
=007  cr||||||||||||
=008  040423s2003\\\\enk|||||s|||||||||0|eng\\
=FMT  \\$a  BK
=015  \\$aGBA519552$2bnb
=020  \\$cNo price
=040  \\$aUk$beng$cUk
=042  \\$aukblsr
=082  04$a658.054678$222
=100  1\$aFigueras, Jessica.
=245  10$aWireless applications development$h[electronic resource] /$cJessica Figueras, Bola Rotibi.
=260  \\$aLondon :$bOvum Ltd,$cc2003.
=336  \\$atext$2rdacontent
=337  \\$acomputer$2rdamedia
=338  \\$aonline resource$2rdacarrier
=538  \\$aMode of access: World Wide Web.
=538  \\$aSystem requirements: IBM compatible PC; Windows; Adobe Acrobat Reader.
=500  \\$aTitle from title screen.
=516  \\$aPDF format.
=650  \0$aWireless Internet.
=650  \0$aElectronic commerce.
=690  7\$aManagement and Business Studies$2blcoll
=700  1\$aRotibi, Bola.
=856  4\$uhttp://store.ovum.com/detail.aspx?ID=603$zPublisher's abstract.
=852  41$aBritish Library$bHMNTS$j344980$cDRT
=CAT  \\$aCONV$b00$c20040502$lBLL01$h1203
=CAT  \\$a6524$b40$c20050217$lBLL01$h1032
=CAT  \\$a11281$b40$c20050304$lBLL01$h0933
=CAT  \\$a12240$b40$c20070817$lBLL01$h1718
=CAT  \\$a12240$b40$c20070817$lBLL01$h1740
=CAT  \\$aBATCH-UPD$b40$c20071003$lBLL01$h1540
=CAT  \\$aBATCH$b00$c20080505$lBLL01$h1319
=CAT  \\$aBATCH$b00$c20090517$lBLL01$h1131
=CAT  \\$aBATCH$b00$c20091207$lBLL01$h0321
=CAT  \\$aWR10_184$c20101208$lBLL01$h1635
=CAT  \\$aWR12-140$c20121030$lBLL01$h1048
=CAT  \\$aWR13.144/5$c20140418$lBLL01$h0800
=FIN  \\$aY$d20050304
=LDO  \\$aBLEF
=DRT  \\$aVDEP
=SRC  \\$aLDS01$bbiblm.200404.2.aa
=STA  \\$aSUPPRESSED$bWR10_184
=LAS  \\$aWR13.144/5$b00$c20140418$lBLL01$h0800

