=LDR  01826 am a2200541 a 4500
=001  006944795
=003  Uk
=005  20110126140502.0
=006  m\\\\|\\\d\|\\\\\\
=007  cr||||||||||||
=008  040423s2003\\\\enk|||||s|||||||||0|eng\\
=FMT  \\$a  BK
=015  \\$aGBA524278$2bnb
=020  \\$cNo price
=040  \\$aUk$beng$cUk
=042  \\$aukblsr
=082  04$a384.53$222
=100  1\$aAnderson, Neale.
=245  10$aStrategies for non-dominant mobile operators$h[electronic resource] /$cNeale Anderson, Carrie Pawsey.
=260  \\$aLondon :$bOvum Ltd,$cc2003.
=336  \\$atext$2rdacontent
=337  \\$acomputer$2rdamedia
=338  \\$aonline resource$2rdacarrier
=538  \\$aMode of access: World Wide Web.
=538  \\$aSystem requirements: IBM compatible PC; Windows; Adobe Acrobat Reader.
=500  \\$aTitle from PDF title screen.
=516  \\$aPDF format.
=650  \0$aCell phone services industry.
=700  1\$aPawsey, Carrie.
=856  4\$uhttp://store.ovum.com/detail.aspx?ID=689$zPublisher's abstract.
=852  41$aBritish Library$bHMNTS$j344958$cDRT
=CAT  \\$aCONV$b00$c20040502$lBLL01$h1203
=CAT  \\$a11281$b40$c20050317$lBLL01$h1541
=CAT  \\$a12240$b40$c20070817$lBLL01$h1719
=CAT  \\$a12240$b40$c20070817$lBLL01$h1741
=CAT  \\$aBATCH-UPD$b40$c20071003$lBLL01$h1540
=CAT  \\$aBATCH$b00$c20080505$lBLL01$h1319
=CAT  \\$aBATCH$b00$c20091207$lBLL01$h0321
=CAT  \\$aWR10_184$c20101208$lBLL01$h1635
=CAT  \\$a11249$b40$c20110126$lBLL01$h1405
=CAT  \\$aWR12-140$c20121030$lBLL01$h1048
=CAT  \\$aWR13.144/5$c20140418$lBLL01$h0800
=FIN  \\$aY$d20050317
=LDO  \\$aBLEF
=DRT  \\$aVDEP
=SRC  \\$aLDS01$bbiblm.200404.2.aa
=STA  \\$aSUPPRESSED$bWR10_184
=LAS  \\$aWR13.144/5$b00$c20140418$lBLL01$h0800

