=LDR  02969cam a2200769 a 4500
=001  006944874
=003  Uk
=005  20070817174113.0
=006  m\\\\|\\\d\|\\\\\\
=007  cr|mn\|||a||||
=008  040423s2003\\\\enk|||||s||||\00||0\eng\\
=FMT  \\$a  BK
=015  \\$aGBA527054$2bnb
=020  \\$cprice
=040  \\$aUk$beng$cUk
=042  \\$aukblsr
=082  04$a343.40994$222
=100  10$aYoung, Stephen,$d1944-
=245  14$aThe evolution of regulation$h[electronic resource] :$brepercussions for wholesale /$c[Stephen Young, Jan Dawson, Victoria Gerus].
=260  \\$a[London] :$bOvum,$c2003.
=336  \\$atext$2rdacontent
=337  \\$acomputer$2rdamedia
=338  \\$aonline resource$2rdacarrier
=538  \\$aMode of access: World Wide Web.
=538  \\$aSystem requirements: IBM compatible PC; Windows; Adobe Acrobat Reader.
=500  \\$aTitle from p.1 of PDF file.
=516  \\$aPDF format.
=650  \0$aTelecommunication$xLaw and legislation$zEuropean Economic Community countries.
=650  \0$aTelecommunication$xLaw and legislation$zUnited States.
=650  \0$aTelecommunication policy$zEuropean Economic Community countries.
=650  \0$aTelecommunication policy$zUnited States.
=650  \0$aTelecommunication policy$xDeregulation$zEuropean Economic Community countries.
=650  \0$aTelecommunication policy$xDeregulation$zUnited States.
=700  1\$aDawson, Jan,$d1975-
=700  1\$aGerus, Victoria.
=856  40$uhttp://store.ovum.com/detail.aspx?ID=472$zOverview and table of contents.
=852  41$aBritish Library$bHMNTS$j344967$cDRT
=CAT  \\$aCONV$b00$c20040502$lBLL01$h1203
=CAT  \\$a6524$b40$c20050215$lBLL01$h1403
=CAT  \\$a8141$b40$c20050323$lBLL01$h1254
=CAT  \\$a5194$b40$c20050405$lBLL01$h1042
=CAT  \\$a12240$b40$c20070815$lBLL01$h2127
=CAT  \\$a12240$b40$c20070815$lBLL01$h2342
=CAT  \\$a12240$b40$c20070816$lBLL01$h0014
=CAT  \\$a12240$b40$c20070816$lBLL01$h0035
=CAT  \\$a12240$b40$c20070816$lBLL01$h0941
=CAT  \\$aBATCH$b00$c20070816$lBLL01$h1700
=CAT  \\$a12240$b40$c20070817$lBLL01$h1112
=CAT  \\$aBATCH$b00$c20070817$lBLL01$h1113
=CAT  \\$aBATCH$b00$c20070817$lBLL01$h1152
=CAT  \\$a12240$b40$c20070817$lBLL01$h1241
=CAT  \\$a12240$b40$c20070817$lBLL01$h1316
=CAT  \\$a12240$b40$c20070817$lBLL01$h1713
=CAT  \\$a12240$b40$c20070817$lBLL01$h1741
=CAT  \\$aBATCH-UPD$b40$c20071003$lBLL01$h1540
=CAT  \\$aBATCH$b00$c20080505$lBLL01$h1319
=CAT  \\$aBATCH$b00$c20091207$lBLL01$h0321
=CAT  \\$aWR10_184$c20101208$lBLL01$h1635
=CAT  \\$aWR12-140$c20121030$lBLL01$h1048
=CAT  \\$aWR13.144/5$c20140418$lBLL01$h0800
=CAT  \\$aBATCH-UPD$b00$c20221205$lBLL01$h1035
=FIN  \\$aY$d20050323
=LDO  \\$aBLEF$bpbk
=DRT  \\$aVDEP
=SRC  \\$aLDS01$bbiblm.200404.2.aa
=STA  \\$aSUPPRESSED$bWR10_184
=LAS  \\$aBATCH-UPD$b00$c20221205$lBLL01$h1035

