=LDR  01852 am a2200541 a 4500
=001  006957096
=003  Uk
=005  20050303164816.0
=006  m\\\\|\\\d\|\\\\\\
=007  cr||||||||||||
=008  040423s2002\\\\enk|||||s|||||||||0|eng\\
=FMT  \\$a  BK
=015  \\$aGBA519516$2bnb
=020  \\$cNo price
=040  \\$aUk$beng$cUk
=042  \\$aukblsr
=082  04$a658.05678$222
=100  1\$aDineen, Richard.
=245  10$aPublic wireless LAN$h[electronic resource] :$bthe business opportunity /$cRichard Dineen, Stewart Anderton.
=260  \\$aLondon :$bOvum Ltd,$cc2002.
=336  \\$atext$2rdacontent
=337  \\$acomputer$2rdamedia
=338  \\$aonline resource$2rdacarrier
=538  \\$aMode of access: World Wide Web.
=538  \\$aSystem requirements: IBM compatible PC; Windows; Adobe Acrobat Reader.
=500  \\$aTitle from title screen.
=516  \\$aPDF format.
=650  \0$aLocal area networks (Computer networks)
=690  7\$aManagement and Business Studies$2blcoll
=700  1\$aAnderton, Stewart.
=856  4\$uhttp://www.ovum.com/go/content/c,377,34962$zPublisher's abstract.
=852  41$aBritish Library$bHMNTS$j344956$cDRT
=CAT  \\$aCONV$b00$c20040502$lBLL01$h1204
=CAT  \\$a6524$b40$c20050215$lBLL01$h1553
=CAT  \\$a11281$b40$c20050303$lBLL01$h1648
=CAT  \\$aBATCH-UPD$b40$c20071003$lBLL01$h1540
=CAT  \\$aBATCH$b00$c20080505$lBLL01$h1319
=CAT  \\$aBATCH$b00$c20090517$lBLL01$h1132
=CAT  \\$aBATCH$b00$c20091207$lBLL01$h0322
=CAT  \\$aWR10_184$c20101208$lBLL01$h1635
=CAT  \\$aWR12-140$c20121030$lBLL01$h1048
=CAT  \\$aWR13.144/5$c20140418$lBLL01$h0800
=FIN  \\$aY$d20050303
=LDO  \\$aBLEF
=DRT  \\$aVDEP
=SRC  \\$aLDS01$bbiblm.200404.2.aa
=STA  \\$aSUPPRESSED$bWR10_184
=LAS  \\$aWR13.144/5$b00$c20140418$lBLL01$h0800

