=LDR  02034 am a2200565 a 4500
=001  012949244
=003  Uk
=005  20051102134655.0
=006  m\\\\|\\\d\|\\\\\\
=007  cr|||\|||a||||
=008  040712s2003\\\\stk||||\s||||\00|\f\eng\\
=FMT  \\$a  BK
=015  \\$aGBA458792$2bnb
=020  \\$a1843500590 :$c£2.00
=020  \\$a1843500574 (Microsoft Reader) :$c£2.00
=020  \\$a1843500582 (Mobipocket)$c£2.00
=040  \\$aUk$beng$cUk
=042  \\$aukblsr
=082  04$a823.912$222
=100  1\$aWallace, Edgar,$d1875-1932.
=245  10$aPlanetoid 127$h[electronic resource] /$cEdgar Wallace.
=260  \\$aEdinburgh :$bSoft Editions,$c2003.
=336  \\$atext$2rdacontent
=337  \\$acomputer$2rdamedia
=338  \\$aonline resource$2rdacarrier
=538  \\$aMode of access: Internet.
=538  \\$aSystem requirements: Adobe Acrobat eBook Reader or Microsoft Reader or Mobipocket Reader.
=500  \\$aTitle from title screen.
=500  \\$aOriginally published in print: London : United States : s.n., 1929.
=516  \\$aPDF format.
=530  \\$aAlso issued in Microsoft Reader and Mobipocket Reader formats.
=530  \\$aAlso issued in print format.
=856  4\$uhttp://www.softeditions.com |z Publisher's home page
=852  41$aBritish Library$bHMNTS$j282901$cDRT
=985  \\$aCorrected by BSS-generated file for WR# 12/016
=CAT  \\$a6156$b40$c20040712$lBLL01$h1417
=CAT  \\$a6156$b40$c20040713$lBLL01$h1721
=CAT  \\$a6156$b40$c20040714$lBLL01$h1223
=CAT  \\$a8141$b40$c20040812$lBLL01$h1007
=CAT  \\$a11249$b40$c20051102$lBLL01$h1346
=CAT  \\$aBATCH-UPD$b40$c20071003$lBLL01$h1540
=CAT  \\$aBATCH$b00$c20080505$lBLL01$h1319
=CAT  \\$aWR10_184$c20101208$lBLL01$h1635
=CAT  \\$aBLSS-CORR$b00$c20120215$lBLL01$h1616
=CAT  \\$aWR12-140$c20121030$lBLL01$h1048
=CAT  \\$aWR13.144/5$c20140418$lBLL01$h0924
=FIN  \\$aY
=DRT  \\$aVDEP
=STA  \\$aSUPPRESSED$bWR10_184
=LAS  \\$aWR13.144/5$b00$c20140418$lBLL01$h0924

