=LDR  02022 am a2200553 a 4500
=001  012970188
=003  Uk
=005  20050104112805.0
=006  m\\\\|\\\d\|\\\\\\
=007  cr|||\|||a||||
=008  040816s2004\\\\enk||||\s||||\00|\0\eng\\
=FMT  \\$a  BK
=015  \\$aGBA500057$2bnb
=020  \\$a1854495690 :$cNo price
=040  \\$aUk$beng$cUk
=042  \\$aukblsr
=082  04$a338.06015195$222
=100  1\$aHigón, Dolores Añón
=245  10$aProductivity growth in UK manufacturing$h[electronic resource] :$balternative output concepts & estimation methods /$cby Dolores Añón Higón.
=260  \\$aBirmingham :$bAston Business School,$c2004.
=336  \\$atext$2rdacontent
=337  \\$acomputer$2rdamedia
=338  \\$aonline resource$2rdacarrier
=538  \\$aMode of access: Internet.
=538  \\$aSystem requirements: IBM compatible PC; Microsoft Windows; Adobe Acrobat Reader.
=500  \\$aTitle from PDF title page.
=516  \\$aPDF format.
=500  \\$aRP0417.
=650  \0$aIndustrial productivity$xEconometric models.
=650  \0$aIndustrial productivity$zGreat Britain.
=650  \0$aIndustrial capacity$zGreat Britain.
=690  7\$aManagement and Business Studies$2blcoll
=710  2\$aAston Business School.
=856  40$uhttp://www.abs.aston.ac.uk/newweb/research/publications/docs/RP0417.pdf
=852  41$aBritish Library$bHMNTS$j303201$cDRT
=CAT  \\$a7750$b40$c20040816$lBLL01$h1443
=CAT  \\$a8141$b40$c20041222$lBLL01$h1459
=CAT  \\$a8141$b40$c20041222$lBLL01$h1500
=CAT  \\$a5194$b40$c20050104$lBLL01$h1128
=CAT  \\$aBATCH-UPD$b40$c20071003$lBLL01$h1540
=CAT  \\$aBATCH$b00$c20080505$lBLL01$h1319
=CAT  \\$aBATCH$b00$c20090611$lBLL01$h1711
=CAT  \\$aWR10_184$c20101208$lBLL01$h1635
=CAT  \\$aWR12-140$c20121030$lBLL01$h1048
=CAT  \\$aWR13.144/5$c20140418$lBLL01$h0925
=FIN  \\$aY$d20050104
=DRT  \\$aVDEP
=STA  \\$aSUPPRESSED$bWR10_184
=LAS  \\$aWR13.144/5$b00$c20140418$lBLL01$h0925

