=LDR  02063 am a2200541 a 4500
=001  012970696
=003  Uk
=005  20050107143945.0
=006  m\\\\|\\\d\|\\\\\\
=007  cr|||\|||a||||
=008  040817s2001\\\\enk||||\s||||\00|\0\eng\\
=FMT  \\$a  BK
=015  \\$aGBA501927$2bnb
=020  \\$a0954203674 :$cNo price
=040  \\$aUk$beng$cUk
=042  \\$aukblsr
=082  04$a371.8720941$222
=245  04$aThe effect of travel modes on children's mental health, cognitive and social development$h[electronic resource] :$ba systematic review.
=260  \\$a[London] :$bEPPI-Centre,$cc2001.
=336  \\$atext$2rdacontent
=337  \\$acomputer$2rdamedia
=338  \\$aonline resource$2rdacarrier
=538  \\$aMode of access: Internet.
=538  \\$aSystem requirements: IBM compatible PC; Windows; Adobe Acrobat Reader.
=500  \\$aTitle from PDF title screen.
=500  \\$aAuthors: David Gough ... [et al.]
=516  \\$aPDF format.
=500  \\$a"Final report".
=650  \0$aSchool children$xTransportation$zGreat Britain.
=650  \0$aTransportation$xHealth aspects.
=650  \0$aTransportation$xPsychological aspects.
=700  1\$aGough, David.$k(David A.)
=710  2\$aUniversity of London.$bSocial Science Research Unit.$bEvidence for Policy and Practice Information and Co-ordinating Centre.
=856  40$uhttp://eppi.ioe.ac.uk/EPPIWebContent/reel/review_groups/EPPI/detr/detr_full_report.pdf
=852  41$aBritish Library$bHMNTS$j303204$cDRT
=CAT  \\$a7750$b40$c20040817$lBLL01$h1350
=CAT  \\$a8141$b40$c20050107$lBLL01$h1229
=CAT  \\$a5194$b40$c20050107$lBLL01$h1439
=CAT  \\$aBATCH-UPD$b40$c20071003$lBLL01$h1540
=CAT  \\$aBATCH$b00$c20080505$lBLL01$h1319
=CAT  \\$aWR10_184$c20101208$lBLL01$h1635
=CAT  \\$aWR12-140$c20121030$lBLL01$h1048
=CAT  \\$aWR13.144/5$c20140418$lBLL01$h0925
=CAT  \\$aBATCH-UPD$b00$c20170414$lBLL01$h2048
=FIN  \\$aY$d20050107
=DRT  \\$aVDEP
=STA  \\$aSUPPRESSED$bWR10_184
=LAS  \\$aBATCH-UPD$b00$c20170414$lBLL01$h2048

