=LDR  02134 am a2200553 a 4500
=001  012970711
=003  Uk
=005  20050610143631.0
=006  m\\\\|\\\d\|\\\\\\
=007  cr|||\|||a||||
=008  040817s2003\\\\enk||||\s||||\00|\0\eng\\
=FMT  \\$a  BK
=015  \\$aGBA501904$2bnb
=020  \\$a0954203666 :$cNo price
=040  \\$aUk$beng$cUk
=042  \\$aukblsr
=082  04$a378.17$222
=245  02$aA systematic map and synthesis review of the effectiveness of personal development planning for improving student learning$h[electronic resource] /$c[Authors: David Gough ... et al.].
=260  \\$a[London] :$bEPPI-Centre,$c2003.
=336  \\$atext$2rdacontent
=337  \\$acomputer$2rdamedia
=338  \\$aonline resource$2rdacarrier
=538  \\$aMode of access: Internet.
=538  \\$aSystem requirements: IBM compatible PC; Windows; Adobe Acrobat Reader.
=500  \\$aTitle from PDf title screen.
=516  \\$aPDF format.
=650  \0$aCollege student development programs$zGreat Britain.
=650  \0$aLearning strategies.
=650  \0$aPortfolios in education.
=650  \0$aEducational evaluation.
=700  1\$aGough, David.$k(David A.)
=710  2\$aUniversity of London.$bSocial Science Research Unit.$bEvidence for Policy and Practice Information and Co-ordinating Centre.
=856  40$uhttp://eppi.ioe.ac.uk/EPPIWebContent/reel/review_groups/EPPI/LTSN/LTSN_June03.pdf
=852  41$aBritish Library$bHMNTS$j303194$cDRT
=CAT  \\$a7750$b40$c20040817$lBLL01$h1403
=CAT  \\$a7750$b40$c20040817$lBLL01$h1407
=CAT  \\$a8141$b40$c20050107$lBLL01$h0919
=CAT  \\$a5194$b40$c20050107$lBLL01$h1053
=CAT  \\$a7332$b40$c20050610$lBLL01$h1436
=CAT  \\$aBATCH-UPD$b40$c20071003$lBLL01$h1540
=CAT  \\$aBATCH$b00$c20080505$lBLL01$h1319
=CAT  \\$aWR10_184$c20101208$lBLL01$h1635
=CAT  \\$aWR12-140$c20121030$lBLL01$h1048
=CAT  \\$aWR13.144/5$c20140418$lBLL01$h0925
=CAT  \\$aBATCH-UPD$b00$c20170414$lBLL01$h2048
=FIN  \\$aY$d20050107
=DRT  \\$aVDEP
=STA  \\$aSUPPRESSED$bWR10_184
=LAS  \\$aBATCH-UPD$b00$c20170414$lBLL01$h2048

