=LDR  01878 am a2200505 a 4500
=001  012970742
=003  Uk
=005  20050107110741.0
=006  m\\\\|\\\d\|\\\\\\
=007  cr|c|\|||a||||
=008  040817s2004\\\\enk||||\s||||\00|\0\eng\\
=FMT  \\$a  BK
=015  \\$aGBA501875$2bnb
=020  \\$a0954796802 :$cNo price
=040  \\$aUk$beng$cUk
=042  \\$aukblsr
=082  04$a372.660941$222
=245  00$aChildren engaging with drama$h[electronic resource] :$ban evaluation of the National Theatre's drama work in primary schools 2002-2004 /$cHelen Turner ... [et al.].
=260  \\$aLondon :$bSocial Science Research Unit,$c2004.
=336  \\$atext$2rdacontent
=337  \\$acomputer$2rdamedia
=338  \\$aonline resource$2rdacarrier
=538  \\$aMode of access: Internet.
=538  \\$aSystem requirements: IBM compatible PC; Windows; Adobe Acrobat Reader.
=500  \\$aTitle from PDF title page.
=516  \\$aPDF format.
=610  20$aNational Theatre (Great Britain)$xEvaluation.
=650  \0$aDrama in education$zGreat Britain$xLongitudinal studies.
=650  \0$aSchool children$zGreat Britain$xLongitudinal studies.
=700  1\$aTurner, Helen.
=856  40$uhttp://eppi.ioe.ac.uk/ssru_docs/ChildrenEngagingwithDrama.pdf
=852  41$aBritish Library$bHMNTS$j303196$cDRT
=CAT  \\$a7750$b40$c20040817$lBLL01$h1422
=CAT  \\$a8141$b40$c20050106$lBLL01$h1304
=CAT  \\$a8141$b40$c20050107$lBLL01$h0733
=CAT  \\$a5194$b40$c20050107$lBLL01$h1107
=CAT  \\$aBATCH-UPD$b40$c20071003$lBLL01$h1540
=CAT  \\$aBATCH$b00$c20080505$lBLL01$h1319
=CAT  \\$aWR10_184$c20101208$lBLL01$h1635
=CAT  \\$aWR12-140$c20121030$lBLL01$h1048
=CAT  \\$aWR13.144/5$c20140418$lBLL01$h0925
=FIN  \\$aY$d20050107
=DRT  \\$aVDEP
=STA  \\$aSUPPRESSED$bWR10_184
=LAS  \\$aWR13.144/5$b00$c20140418$lBLL01$h0925

