=LDR  01875 am a2200541 a 4500
=001  012972660
=003  Uk
=005  20051031112325.0
=006  m\\\\|\\\d\|\\\\\\
=007  cr|c|\|||a||||
=008  040818s2004\\\\stk||||\sb\\\\00|\0\eng\\
=FMT  \\$a  BK
=015  \\$aGBA464595$2bnb
=020  \\$a190366165X :$cNo price
=040  \\$aUk$beng$cUk
=042  \\$aukblsr
=082  04$a379.24$222
=100  1\$aSmith, June M.
=245  10$aFurthering literacies$h[electronic resource] :$ba study of literacy practices in further education /$cJune M. Smith.
=260  \\$a[Stirling] :$bUniversity of Stirling,$c2004.
=336  \\$atext$2rdacontent
=337  \\$acomputer$2rdamedia
=338  \\$aonline resource$2rdacarrier
=538  \\$aMode of access: Internet.
=500  \\$aTitle from title screen.
=516  \\$aPDF format.
=650  \0$aLiteracy.
=650  \0$aCollege students$xEducation (Continuing education)$zScotland.
=650  \0$aTeachers$xEducation (Continuing education)$zScotland.
=690  7\$aSocial Welfare$2blcoll
=710  2\$aCentre for Research in Lifelong Learning.
=856  40$uhttp://crll.gcal.ac.uk/docs/JSmithThesis.pdf
=852  41$aBritish Library$bHMNTS$j302178$cDRT
=CAT  \\$a6156$b40$c20040818$lBLL01$h1107
=CAT  \\$a8141$b40$c20040907$lBLL01$h1252
=CAT  \\$a11278$b40$c20040913$lBLL01$h0956
=CAT  \\$a11249$b40$c20051031$lBLL01$h1123
=CAT  \\$aBATCH-UPD$b40$c20071003$lBLL01$h1540
=CAT  \\$aBATCH$b00$c20080505$lBLL01$h1319
=CAT  \\$aWR10_184$c20101208$lBLL01$h1635
=CAT  \\$aBATCH$b00$c20110625$lBLL01$h0509
=CAT  \\$aBATCH-SWP4$c20110627$lBLL01$h1551
=CAT  \\$aWR12-140$c20121030$lBLL01$h1048
=CAT  \\$aWR13.144/5$c20140418$lBLL01$h0925
=FIN  \\$aY
=DRT  \\$aVDEP
=STA  \\$aSUPPRESSED$bWR10_184
=LAS  \\$aWR13.144/5$b00$c20140418$lBLL01$h0925

