=LDR  01835 am a2200517 a 4500
=001  012992591
=003  Uk
=005  20050331155103.0
=006  m\\\\|\\\d\|\\\\\\
=007  cr|cn\|||a||||
=008  040915s2004\\\\enk||||\s||||o00|\0\eng\\
=FMT  \\$a  BK
=015  \\$aGBA527584$2bnb
=020  \\$cNo price
=040  \\$aUk$beng$cUk
=042  \\$aukblsr
=082  04$a658.80028567$222
=245  00$aBuilding an e-commerce website$h[electronic resource].
=260  \\$a[London] :$bDepartment of Trade and Industry,$c[2004].
=336  \\$atext$2rdacontent
=337  \\$acomputer$2rdamedia
=338  \\$aonline resource$2rdacarrier
=490  1\$aAchieving best practice in your business
=538  \\$aMode of access: World Wide Web.
=538  \\$aSystem requirements: IBM compatible PC; Windows; Adobe Acrobat Reader.
=500  \\$aTitle from PDF title page.
=516  \\$aPDF format.
=500  \\$aPublisher's no.: URN 04/926.
=650  \0$aElectronic commerce.
=650  \0$aWeb site development.
=710  1\$aGreat Britain.$bDepartment of Trade and Industry.
=856  40$uhttp://www.dti.gov.uk/bestpractice/assets/building.pdf?pubpdfdload=04%2F926
=830  \0$aAchieving best practice in your business
=852  41$aBritish Library$bHMNTS$j299162$cDRT
=985  \\$aRecord amended for WR# 13/070
=CAT  \\$a10902$b40$c20040915$lBLL01$h1016
=CAT  \\$a8141$b40$c20050331$lBLL01$h1551
=CAT  \\$aBATCH$b00$c20080505$lBLL01$h1319
=CAT  \\$aBATCH$b00$c20091217$lBLL01$h0327
=CAT  \\$aWR13_070$b00$c20130504$lBLL01$h0235
=CAT  \\$aWR13.144/5$c20140418$lBLL01$h0925
=CAT  \\$aW1711-1225$c20171203$lBLL01$h1020
=FIN  \\$aY$d20050331
=DRT  \\$aVDEP
=STA  \\$aSUPPRESSED$bunable to determine reason for suppression
=LAS  \\$aW1711-1225$b00$c20171203$lBLL01$h1020

