=LDR  01979 am a2200565 a 4500
=001  012992914
=003  Uk
=005  20050518085455.0
=006  m\\\\|\\\d\|\\\\\\
=007  cr||||||||||||
=008  040915s2004\\\\enk\\\\\s\\\\o000\0\eng\\
=FMT  \\$a  BK
=040  \\$aUk$beng$cUk
=042  \\$aukblsr
=082  04$a659.20285468$222
=245  00$aSue Bird Communications$h[electronic resource]
=260  \\$a[London] :$bDTI,$cc2004.
=336  \\$atext$2rdacontent
=337  \\$acomputer$2rdamedia
=338  \\$aonline resource$2rdacarrier
=490  1\$aBest practice in technology
=490  0\$aAchieving best practice in your business
=538  \\$aMode of access: World Wide Web.
=538  \\$aSystem requirements: IBM compatible PC; Windows; Adobe Acrobat Reader.
=500  \\$aTitle from PDF title page.
=516  \\$aPDF format.
=500  \\$aURN 04/757.
=610  20$aSue Bird Communications.
=650  \0$aBroadband communication systems.
=650  \0$aPublic relations.
=650  \0$aWireless communication systems.
=710  1\$aGreat Britain.$bDepartment of Trade and Industry.
=856  4\$uhttp://www.dti.gov.uk/bestpractice/assets/cssue.pdf
=830  \0$aBest practice in technology
=852  41$aBritish Library$bHMNTS$j299147$cDRT
=985  \\$aRecord amended for WR# 13/070
=CAT  \\$a7750$b40$c20040915$lBLL01$h1341
=CAT  \\$a11281$b40$c20050516$lBLL01$h1231
=CAT  \\$a11281$b40$c20050516$lBLL01$h1234
=CAT  \\$a11278$b40$c20050518$lBLL01$h0854
=CAT  \\$aBATCH-UPD$b40$c20070723$lBLL01$h1541
=CAT  \\$aBATCH$b00$c20080505$lBLL01$h1319
=CAT  \\$aBATCH$b00$c20091217$lBLL01$h0327
=CAT  \\$aWR13_070$b00$c20130504$lBLL01$h0235
=CAT  \\$aWR13.144/5$c20140418$lBLL01$h0925
=CAT  \\$aW1711-1225$c20171203$lBLL01$h1020
=FIN  \\$aY$d20050516
=DRT  \\$aVDEP
=STA  \\$aSUPPRESSED$bunable to determine reason for suppression
=LAS  \\$aW1711-1225$b00$c20171203$lBLL01$h1020

