=LDR  02114 am a2200541 a 4500
=001  012995681
=003  Uk
=005  20050201111441.0
=006  m\\\\|\\\d\|\\\\\\
=007  cr||||||||||||
=008  040921s2004\\\\enk\\\\\s\\\\\000\0\eng\\
=FMT  \\$a  BK
=015  \\$aGBA508238$2bnb
=040  \\$aUk$beng$cUk
=042  \\$aukblsr
=082  04$a658.83$222
=100  1\$aNicoletti, Cheti.
=245  10$aExplaining interviewee contact and co-operation in the British and German household panels$h[electronic resource] /$cCheti Nicoletti and Nicholas N. Buck.
=260  \\$aColchester :$bInstitute for Social and Economic Research,$c2004.
=336  \\$atext$2rdacontent
=337  \\$acomputer$2rdamedia
=338  \\$aonline resource$2rdacarrier
=490  1\$aISER working papers ;$vno. 2004-6
=538  \\$aMode of access: World Wide Web.
=538  \\$aSystem requirements: IBM compatible PC; Windows; Adobe Acrobat Reader.
=500  \\$aTitle from PDF title screen.
=516  \\$aIn PDF format.
=650  \0$aSocial sciences$xResearch$xMethodology.
=650  \0$aHouseholds$xResearch$zGermany$xMethodology.
=650  \0$aHouseholds$xResearch$zGreat Britain$xMethodology.
=690  7\$aManagement and Business Studies$2blcoll
=700  1\$aBuck, Nicholas.
=710  2\$aUniversity of Essex.$bInstitute for Social and Economic Research.
=830  \0$aWorking papers (University of Essex. Institute of Social and Economic Research) ;$vno. 2004-6.
=856  40$uhttp://www.iser.essex.ac.uk/pubs/workpaps/pdf/2004-06.pdf
=852  41$aBritish Library$bHMNTS$j315960$cDRT
=CAT  \\$a7750$b40$c20040921$lBLL01$h0918
=CAT  \\$a7332$b40$c20050201$lBLL01$h1114
=CAT  \\$aBATCH-UPD$b40$c20070912$lBLL01$h2021
=CAT  \\$aBATCH$b00$c20080505$lBLL01$h1319
=CAT  \\$aBATCH$b00$c20090611$lBLL01$h1712
=CAT  \\$aWR10_184$c20101208$lBLL01$h1635
=CAT  \\$aWR12-140$c20121030$lBLL01$h1048
=CAT  \\$aWR13.144/5$c20140418$lBLL01$h0926
=FIN  \\$aY$d20050201
=DRT  \\$aVDEP
=STA  \\$aSUPPRESSED$bWR10_184
=LAS  \\$aWR13.144/5$b00$c20140418$lBLL01$h0926

