=LDR  01918 am a2200517 a 4500
=001  012995753
=003  Uk
=005  20050201082225.0
=006  m\\\\|\\\d\|\\\\\\
=007  cr||||||||||||
=008  040921s2004\\\\enk\\\\\s\\\\\000\0\eng\\
=FMT  \\$a  BK
=015  \\$aGBA508217$2bnb
=040  \\$aUk$beng$cUk
=042  \\$aukblsr
=082  04$a333.911$222
=245  00$aOoh la la$h[electronic resource] :$btesting the one-and-one-half bound dichotomous choice elicitation method for robustness to anomalies /$cIan J. Bateman ... [et al.].
=260  \\$a[Norwich] :$bCSERGE,$c[2004?]
=336  \\$atext$2rdacontent
=337  \\$acomputer$2rdamedia
=338  \\$aonline resource$2rdacarrier
=490  1\$aCSERGE working paper,$x0967-8875 ;$vEDM 04-06
=538  \\$aMode of access: World Wide Web.
=538  \\$aSystem requirements: IBM compatible PC; Windows; Adobe Acrobat Reader.
=500  \\$aTitle from PDF title page.
=516  \\$aIn PDF format.
=650  \0$aContingent valuation.
=650  \0$aWater quality$xEconomic aspects.
=700  1\$aBateman, Ian.
=710  2\$aCentre for Social and Economic Research on the Global Environment.
=856  40$uhttp://www.uea.ac.uk/env/cserge/pub/wp/edm/edm_2004_06.pdf
=830  \0$aCSERGE working paper,$x0967-8875 ;$vEDM 04-06
=852  41$aBritish Library$bHMNTS$j315971$cDRT
=CAT  \\$a7750$b40$c20040921$lBLL01$h1022
=CAT  \\$a7750$b40$c20040921$lBLL01$h1024
=CAT  \\$a7332$b40$c20050201$lBLL01$h0822
=CAT  \\$aBATCH-UPD$b40$c20070912$lBLL01$h2021
=CAT  \\$aBATCH$b00$c20080505$lBLL01$h1319
=CAT  \\$aBATCH$b00$c20091217$lBLL01$h0328
=CAT  \\$aWR10_184$c20101208$lBLL01$h1635
=CAT  \\$aWR12-140$c20121030$lBLL01$h1048
=CAT  \\$aWR13.144/5$c20140418$lBLL01$h0926
=FIN  \\$aY$d20050201
=DRT  \\$aVDEP
=STA  \\$aSUPPRESSED$bWR10_184
=LAS  \\$aWR13.144/5$b00$c20140418$lBLL01$h0926

