=LDR  02122 am a2200553 a 4500
=001  012995768
=003  Uk
=005  20050110160329.0
=006  m\\\\|\\\d\|\\\\\\
=007  cr|||\|||a||||
=008  040921s2004\\\\enk||||\s||||\10|\0\eng\\
=FMT  \\$a  BK
=015  \\$aGBA502021$2bnb
=040  \\$aUk$beng$cUk
=042  \\$aukblsr
=082  04$a333.918$222
=245  00$aWetland valuation$h[electronic resource]$bstate of the art and opportunities for futher devleopment ; proceedings of a workshop /$cedited by Laure Ledoux.
=260  \\$a[Great Britain] :$bCSERGE,$c[2004].
=336  \\$atext$2rdacontent
=337  \\$acomputer$2rdamedia
=338  \\$aonline resource$2rdacarrier
=490  1\$aCSERGE working paper. PA 04-01,$x0967-8875
=538  \\$aMode of access: World Wide Web.
=538  \\$aSystem requirements: IBM compatible PC; Windows; Adobe Acrobat Reader.
=500  \\$aTitle from PDF title page.
=516  \\$aPDF format.
=500  \\$aProceedings of a workshop held at University of East Anglia, 19 March, 2003.
=650  \0$aWetlands$xEconomic aspects$vCongresses.
=650  \0$aWetlands$xEnvironmental aspects$vCongresses.
=650  \0$aWetland management$vCongresses.
=650  \0$aFlood control$vCongresses.
=650  \0$aCoastal zone management$vCongresses.
=700  1\$aLedoux, Laure.
=710  2\$aCentre for Social and Economic Research on the Global Environment.
=856  40$uhttp://www.uea.ac.uk/env/cserge/pub/wp/pa/pa_2004_01.pdf
=830  \0$aCSERGE working paper.$nPA 04-01,$x0967-8875
=852  41$aBritish Library$bHMNTS$j315986$cDRT
=CAT  \\$a7750$b40$c20040921$lBLL01$h1034
=CAT  \\$a8141$b40$c20050110$lBLL01$h1603
=CAT  \\$aBATCH-UPD$b40$c20070912$lBLL01$h2021
=CAT  \\$aBATCH$b00$c20080505$lBLL01$h1319
=CAT  \\$aBATCH$b00$c20091217$lBLL01$h0328
=CAT  \\$aWR10_184$c20101208$lBLL01$h1635
=CAT  \\$aWR12-140$c20121030$lBLL01$h1048
=CAT  \\$aWR13.144/5$c20140418$lBLL01$h0926
=FIN  \\$aY$d2005-01-10
=DRT  \\$aVDEP
=STA  \\$aSUPPRESSED$bWR10_184
=LAS  \\$aWR13.144/5$b00$c20140418$lBLL01$h0926

