=LDR  02053 am a2200565 a 4500
=001  012995775
=003  Uk
=005  20050127134719.0
=006  m\\\\|\\\d\|\\\\\\
=007  cr||||||||||||
=008  040921s2004\\\\enk\\\\\s\\\\\000\0\eng\\
=FMT  \\$a  BK
=015  \\$aGBA505653$2bnb
=040  \\$aUk$beng$cUk
=042  \\$aukblsr
=082  04$a333.7516$222
=100  1\$aRosendo, Sergio,$d1972-
=245  10$aMulti-scale partnerships for tropical forest governance$h[electronic resource] /$cby Sergio Rosendo.
=260  \\$aNorwich :$bCSERGE,$c[2004?].
=336  \\$atext$2rdacontent
=337  \\$acomputer$2rdamedia
=338  \\$aonline resource$2rdacarrier
=490  1\$aCSGERGE working paper,$x0967-8875 ;$vEDM 04-08
=538  \\$aMode of access: World Wide Web.
=538  \\$aSystem requirements: IBM compatible PC; Windows; Adobe Acrobat Reader.
=500  \\$aTitle from PDF title screen.
=516  \\$aIn PDF format.
=650  \0$aForest conservation$zTropics.
=650  \0$aForest management$zTropics.
=650  \0$aRain forest conservation.
=710  2\$aCentre for Social and Economic Research on the Global Environment.
=856  40$uhttp://www.uea.ac.uk/env/cserge/pub/wp/edm/edm_2004_08.pdf
=830  \0$aCSGERGE working paper,$x0967-8875 ;$vEDM 04-08
=852  41$aBritish Library$bHMNTS$j315968$cDRT
=CAT  \\$a7750$b40$c20040921$lBLL01$h1039
=CAT  \\$a7750$b40$c20040921$lBLL01$h1044
=CAT  \\$a7750$b40$c20040921$lBLL01$h1046
=CAT  \\$a7750$b40$c20040921$lBLL01$h1051
=CAT  \\$a7332$b40$c20050120$lBLL01$h1355
=CAT  \\$a7332$b40$c20050127$lBLL01$h1347
=CAT  \\$aBATCH-UPD$b40$c20070912$lBLL01$h2021
=CAT  \\$aBATCH$b00$c20080505$lBLL01$h1319
=CAT  \\$aBATCH$b00$c20091217$lBLL01$h0328
=CAT  \\$aWR10_184$c20101208$lBLL01$h1635
=CAT  \\$aWR12-140$c20121030$lBLL01$h1048
=CAT  \\$aWR13.144/5$c20140418$lBLL01$h0926
=FIN  \\$aY$d20050120
=DRT  \\$aVDEP
=STA  \\$aSUPPRESSED$bWR10_184
=LAS  \\$aWR13.144/5$b00$c20140418$lBLL01$h0926

