=LDR  01983 am a2200517 a 4500
=001  012995809
=003  Uk
=005  20050214135622.0
=006  m\\\\|\\\d\|\\\\\\
=007  cr||||||||||||
=008  040921s2004\\\\enk\\\\\s\\\\\000\0\eng\\
=FMT  \\$a  BK
=015  \\$aGBA510213$2bnb
=040  \\$aUk$beng$cUk
=042  \\$aukblsr
=082  04$a178$222
=100  1\$aSeyfang, Gill,$d1969-
=245  10$aEco-warriors in the supermarket$h[electronic resource] :$bevaluating the UK sustainable consumption strategy as a tool for ecological citizenship /$cby Gill Seyfang.
=260  \\$a[Norwich] :$bCSERGE,$c[2004?].
=336  \\$atext$2rdacontent
=337  \\$acomputer$2rdamedia
=338  \\$aonline resource$2rdacarrier
=490  1\$aCSERGE working paper,$x0967-8875 ;$vEDM 04-07
=538  \\$aMode of access: World Wide Web.
=538  \\$aSystem requirements: IBM compatible PC; Windows; Adobe Acrobat Reader.
=500  \\$aTitle from PDF title page.
=516  \\$aIn PDF format.
=650  \0$aConsumer behavior$xEnvironmental aspects$zGreat Britain.
=650  \0$aConsumption (Economics)$xEnvironmental aspects$zGreat Britain.
=710  2\$aCentre for Social and Economic Research on the Global Environment.
=856  40$uhttp://www.uea.ac.uk/env/cserge/pub/wp/edm/edm_2004_07.pdf
=830  \0$aCSERGE working paper,$x0967-8875 ;$vEDM 04-07
=852  41$aBritish Library$bHMNTS$j315957$cDRT
=CAT  \\$a7750$b40$c20040921$lBLL01$h1057
=CAT  \\$a7332$b40$c20050203$lBLL01$h1101
=CAT  \\$a7332$b40$c20050214$lBLL01$h1356
=CAT  \\$aBATCH-UPD$b40$c20070912$lBLL01$h2021
=CAT  \\$aBATCH$b00$c20080505$lBLL01$h1319
=CAT  \\$aBATCH$b00$c20091217$lBLL01$h0328
=CAT  \\$aWR10_184$c20101208$lBLL01$h1635
=CAT  \\$aWR12-140$c20121030$lBLL01$h1048
=CAT  \\$aWR13.144/5$c20140418$lBLL01$h0926
=FIN  \\$aY$d050203
=DRT  \\$aVDEP
=STA  \\$aSUPPRESSED$bWR10_184
=LAS  \\$aWR13.144/5$b00$c20140418$lBLL01$h0926

