=LDR  02124 am a2200541 a 4500
=001  012995829
=003  Uk
=005  20050203092143.0
=006  m\\\\|\\\d\|\\\\\\
=007  cr||||||||||||
=008  040921s2004\\\\enk\\\\\s\\\\\000\0\eng\\
=FMT  \\$a  BK
=015  \\$aGBA510136$2bnb
=040  \\$aUk$beng$cUk
=042  \\$aukblsr
=082  04$a339.20941$222
=100  10$aCappellari, Lorenzo.
=245  10$aModelling low pay transition probabilities, accounting for panel attrition, non-response, and initial conditions$h[electronic resource] /$cLorenzo Cappellari and Stephen P. Jenkins.
=260  \\$aColchester :$bInstitute for Social and Economic Research,$c2004.
=336  \\$atext$2rdacontent
=337  \\$acomputer$2rdamedia
=338  \\$aonline resource$2rdacarrier
=490  1\$aISER working papers ;$vno.2004-08
=538  \\$aMode of access: World Wide Web.
=538  \\$aSystem requirements: IBM compatible PC; Windows; Adobe Acrobat Reader.
=500  \\$aTitle from PDF title screen.
=516  \\$aIn PDF format.
=650  \0$aIncome distribution$zGreat Britain.
=650  \0$aWages$xMen$zGreat Britain.
=700  1\$aJenkins, Stephen P.
=710  2\$aUniversity of Essex.$bInstitute for Social and Economic Research.
=830  \0$aWorking papers (University of Essex. Institute of Social and Economic Research) ;$v2004-08.
=856  40$uhttp://www.iser.essex.ac.uk/pubs/workpaps/pdf/2004-08.pdf
=852  41$aBritish Library$bHMNTS$j315966$cDRT
=985  \\$aCorrected by BSS-generated file for WR# 12/016
=CAT  \\$a7750$b40$c20040921$lBLL01$h1106
=CAT  \\$a7332$b40$c20050203$lBLL01$h0921
=CAT  \\$aBATCH-UPD$b40$c20070912$lBLL01$h2021
=CAT  \\$aBATCH$b00$c20080505$lBLL01$h1319
=CAT  \\$aWR10_184$c20101208$lBLL01$h1635
=CAT  \\$aBLSS-CORR$b00$c20120215$lBLL01$h1616
=CAT  \\$aWR12-140$c20121030$lBLL01$h1048
=CAT  \\$aWR13.144/5$c20140418$lBLL01$h0926
=CAT  \\$aBATCH-UPD$b00$c20160217$lBLL01$h1842
=FIN  \\$aY$d20050203
=DRT  \\$aVDEP
=STA  \\$aSUPPRESSED$bWR10_184
=LAS  \\$aBATCH-UPD$b00$c20160217$lBLL01$h1842

