=LDR  02025 am a2200529 a 4500
=001  012995854
=003  Uk
=005  20050203165550.0
=006  m\\\\|\\\d\|\\\\\\
=007  cr||||||||||||
=008  040921s2004\\\\enk\\\\\s\\\\\000\0\eng\\
=FMT  \\$a  BK
=015  \\$aGBA510268$2bnb
=040  \\$aUk$beng$cUk
=042  \\$aukblsr
=082  04$a001.433$222
=100  10$aBurton, Jonathan.
=245  14$aThe long-term effectiveness of refusal conversion procedures on longitudinal surveys$h[electronic resource] /$cJonathan Burton, Heather Laurie and Peter Lynn.
=260  \\$aColchester :$bInstitute for social and economic research,$c2004.
=336  \\$atext$2rdacontent
=337  \\$acomputer$2rdamedia
=338  \\$aonline resource$2rdacarrier
=490  1\$aISER working papers ;$vno.2004-11
=538  \\$aMode of access: World Wide Web.
=538  \\$aSystem requirements: IBM compatible PC; Windows; Adobe Acrobat Reader.
=500  \\$aTitle from PDF title screen.
=516  \\$aIn PDF format.
=650  \0$aHousehold surveys$xResponse rate.
=650  \0$aHousehold surveys$vLongitudinal studies.
=700  1\$aLaurie, Heather.
=700  1\$aLynn, Peter,$d1966-
=710  2\$aUniversity of Essex.$bInstitute for Social and Economic Research.
=830  \0$aWorking papers (University of Essex. Institute of Social and Economic Research) ;$v2004-11.
=856  40$uhttp://www.iser.essex.ac.uk/pubs/workpaps/pdf/2004-11.pdf
=852  41$aBritish Library$bHMNTS$j315963$cDRT
=CAT  \\$a7750$b40$c20040921$lBLL01$h1119
=CAT  \\$a7332$b40$c20050203$lBLL01$h1655
=CAT  \\$aBATCH-UPD$b40$c20070912$lBLL01$h2021
=CAT  \\$aBATCH$b00$c20080505$lBLL01$h1319
=CAT  \\$aWR10_184$c20101208$lBLL01$h1635
=CAT  \\$aWR12-140$c20121030$lBLL01$h1048
=CAT  \\$aWR13.144/5$c20140418$lBLL01$h0926
=CAT  \\$aBATCH-UPD$b00$c20160601$lBLL01$h1703
=FIN  \\$aY$d20050203
=DRT  \\$aVDEP
=STA  \\$aSUPPRESSED$bWR10_184
=LAS  \\$aBATCH-UPD$b00$c20160601$lBLL01$h1703

