=LDR  02183 am a2200577 a 4500
=001  012995868
=003  Uk
=005  20090205143126.0
=006  m\\\\|\\\d\|\\\\\\
=007  cr||||||||||||
=008  040921s2004\\\\enk\\\\\s\\\\\000\0\eng\\
=FMT  \\$a  BK
=015  \\$aGBA503441$2bnb
=040  \\$aUk$beng$cUk
=042  \\$aukblsr
=082  04$a362.50941$222
=100  1\$aMaggio, Guido.
=245  10$aMultidimensional analysis of poverty dynamics in Great Britain.$h[electronic resource] /$cGuido Maggio.
=260  \\$aColchester :$bInstitute for Social and Economic Research,$c2004.
=336  \\$atext$2rdacontent
=337  \\$acomputer$2rdamedia
=338  \\$aonline resource$2rdacarrier
=490  1\$aISER working papers ;$v2004-10
=538  \\$aMode of access: World Wide Web.
=538  \\$aSystem requirements: IBM compatible PC; Windows; Adobe Acrobat Reader.
=500  \\$aTitle from PDF title screen.
=516  \\$aIn PDF format.
=650  \0$aPoverty$zGreat Britain$xResearch$xMethodology.
=650  \0$aPoverty$zGreat Britain$vStatistics.
=690  7\$aSocial Welfare$2blcoll
=710  2\$aUniversity of Essex.$bInstitute for Social and Economic Research.
=830  \0$aWorking papers (University of Essex. Institute of Social and Economic Research) ;$v2004-10.
=856  40$uhttp://www.iser.essex.ac.uk/pubs/workpaps/pdf/2004-10.pdf
=852  41$aBritish Library$bHMNTS$j315969$cDRT
=CAT  \\$a7750$b40$c20040921$lBLL01$h1125
=CAT  \\$a7332$b40$c20050113$lBLL01$h1144
=CAT  \\$a7332$b40$c20050113$lBLL01$h1308
=CAT  \\$a7332$b40$c20050126$lBLL01$h0800
=CAT  \\$a7332$b40$c20050127$lBLL01$h1423
=CAT  \\$aBATCH-UPD$b40$c20070912$lBLL01$h2021
=CAT  \\$aBATCH$b00$c20080505$lBLL01$h1319
=CAT  \\$a6550$b40$c20090205$lBLL01$h1431
=CAT  \\$aWR10_184$c20101208$lBLL01$h1635
=CAT  \\$aBATCH$b00$c20110625$lBLL01$h0510
=CAT  \\$aBATCH-SWP4$c20110627$lBLL01$h1551
=CAT  \\$aWR12-140$c20121030$lBLL01$h1048
=CAT  \\$aWR13.144/5$c20140418$lBLL01$h0926
=FIN  \\$aY$d20040113
=DRT  \\$aVDEP
=STA  \\$aSUPPRESSED$bWR10_184
=LAS  \\$aWR13.144/5$b00$c20140418$lBLL01$h0926

