=LDR  02021 am a2200553 a 4500
=001  012995881
=003  Uk
=005  20050128144042.0
=006  m\\\\|\\\d\|\\\\\\
=007  cr||||||||||||
=008  040921s2004\\\\enk||||\s||||\00|\0\eng\\
=FMT  \\$a  BK
=015  \\$aGBA508050$2bnb
=040  \\$aUk$beng$cUk
=042  \\$aukblsr
=082  04$a519.53$222
=100  10$aLynn, Peter,$d1966-
=245  10$aApproximations to b' in the prediction of design effects due to clustering$h[electronic resource] /$cPeter Lynn and Siegfried Gabler.
=260  \\$aColchester :$bInstitute for Social and Economic Research,$c2004.
=336  \\$atext$2rdacontent
=337  \\$acomputer$2rdamedia
=338  \\$aonline resource$2rdacarrier
=490  1\$aISER working papers ;$vno. 2004-07
=538  \\$aMode of access: World Wide Web.
=538  \\$aSystem requirements: IBM compatible PC; Windows; Adobe Acrobat Reader.
=500  \\$aTitle from PDF title page.
=516  \\$aPDF format.
=650  \0$aCluster analysis.
=650  \0$aSampling (Statistics)
=650  \0$aSocial surveys$xStatistical methods.
=700  1\$aGabler, Siegfried.
=710  2\$aUniversity of Essex.$bInstitute for Social and Economic Research.
=856  40$uhttp://www.iser.essex.ac.uk/pubs/workpaps/pdf/2004-07.pdf
=830  \0$aISER working papers ;$vno. 2004-07
=852  41$aBritish Library$bHMNTS$j315940$cDRT
=CAT  \\$a7750$b40$c20040921$lBLL01$h1134
=CAT  \\$a8141$b40$c20050128$lBLL01$h1221
=CAT  \\$a8141$b40$c20050128$lBLL01$h1440
=CAT  \\$aBATCH-UPD$b40$c20070912$lBLL01$h2021
=CAT  \\$aBATCH$b00$c20080505$lBLL01$h1319
=CAT  \\$aBATCH$b00$c20091217$lBLL01$h0328
=CAT  \\$aWR10_184$c20101208$lBLL01$h1635
=CAT  \\$aWR12-140$c20121030$lBLL01$h1048
=CAT  \\$aWR13.144/5$c20140418$lBLL01$h0926
=CAT  \\$aBATCH-UPD$b00$c20161026$lBLL01$h1910
=FIN  \\$aY$d20050128
=DRT  \\$aVDEP
=STA  \\$aSUPPRESSED$bWR10_184
=LAS  \\$aBATCH-UPD$b00$c20161026$lBLL01$h1910

