=LDR  02014 am a2200553 a 4500
=001  012996056
=003  Uk
=005  20050215104339.0
=006  m\\\\|\\\d\|\\\\\\
=007  cr||||||||||||
=008  040921s2004\\\\enk\\\\\s\\\\o000\0\eng\\
=FMT  \\$a  BK
=015  \\$aGBA508214$2bnb
=040  \\$aUk$beng$cUk
=042  \\$aukblsr
=082  04$a621.24$222
=245  00$aMonitoring and assessment of a semi-submersible tidal stream prototype.$h[electronic resource]
=260  \\$a[London :$bDTI],$c2004.
=336  \\$atext$2rdacontent
=337  \\$acomputer$2rdamedia
=338  \\$aonline resource$2rdacarrier
=490  1\$aProject profile /DTI ;$vno. PP 190
=538  \\$aMode of access: World Wide Web.
=538  \\$aSystem requirements: IBM compatible PC; Windows; Adobe Acrobat Reader.
=500  \\$aTitle from PDF title page.
=500  \\$aURN no. 04/1105.
=500  \\$aContract no. T/05/00215/00/00.
=516  \\$aIn PDF format.
=650  \0$aHydraulic turbines$zGreat Britain.
=650  \0$aTidal power-plants$zGreat Britain.
=710  1\$aGreat Britain.$bDepartment of Trade and Industry.
=856  40$uhttp://www.dti.gov.uk/energy/renewables/publications/pdfs/rpp190.pdf
=830  \0$aProject profile (Great Britain. Department of Trade and Industry)$vno. PP190.
=852  41$aBritish Library$bHMNTS$j315967$cDRT
=985  \\$aRecord amended for WR# 13/070
=CAT  \\$a7750$b40$c20040921$lBLL01$h1348
=CAT  \\$a7332$b40$c20050131$lBLL01$h1602
=CAT  \\$aUE-01$b00$c20050207$lBLL01$h1708
=CAT  \\$a7332$b40$c20050215$lBLL01$h1043
=CAT  \\$aBATCH-UPD$b40$c20070912$lBLL01$h2021
=CAT  \\$aBATCH$b00$c20080505$lBLL01$h1319
=CAT  \\$aWR10_184$c20101208$lBLL01$h1635
=CAT  \\$aWR12-140$c20121030$lBLL01$h1048
=CAT  \\$aWR13_070$b00$c20130504$lBLL01$h0235
=CAT  \\$aWR13.144/5$c20140418$lBLL01$h0926
=FIN  \\$aY$d20050131
=DRT  \\$aVDEP
=STA  \\$aSUPPRESSED$bWR10_184
=LAS  \\$aWR13.144/5$b00$c20140418$lBLL01$h0926

