=LDR  01974 am a2200553 a 4500
=001  012996061
=003  Uk
=005  20050128143940.0
=006  m\\\\|\\\d\|\\\\\\
=007  cr||||||||||||
=008  040921s2004\\\\enk||||\s||||o00|\0\eng\\
=FMT  \\$a  BK
=015  \\$aGBA508025$2bnb
=040  \\$aUk$beng$cUk
=042  \\$aukblsr
=082  04$a621.406011$222
=245  00$aCycloidal tidal power generations$h[electronic resource].
=260  \\$a[London] :$bDTI,$c2004.
=336  \\$atext$2rdacontent
=337  \\$acomputer$2rdamedia
=338  \\$aonline resource$2rdacarrier
=490  1\$aDTI project summary ;$vno. PS 187.
=538  \\$aMode of access: World Wide Web.
=538  \\$aSystem requirements: IBM compatible PC; Windows; Adobe Acrobat Reader.
=500  \\$aTitle from PDF title screen.
=516  \\$aPDF format.
=650  \0$aTidal power$xEconomic aspects$zGreat Britain.
=650  \0$aTurbines$xBlades$xSimulation methods.
=710  1\$aGreat Britain.$bDepartment of Trade and Industry.
=710  2\$aDTI New & Renewable Energy Programme.
=856  40$uhttp://www.dti.gov.uk/energy/renewables/publications/pdfs/rps187.pdf
=830  \0$aDTI project summary ;$vno. PS 187.
=852  41$aBritish Library$bHMNTS$j315951$cDRT
=985  \\$aRecord amended for WR# 13/070
=CAT  \\$a7750$b40$c20040921$lBLL01$h1352
=CAT  \\$a8141$b40$c20050128$lBLL01$h1025
=CAT  \\$a8141$b40$c20050128$lBLL01$h1439
=CAT  \\$aUE-01$b00$c20050207$lBLL01$h1708
=CAT  \\$aBATCH-UPD$b00$c20070912$lBLL01$h2021
=CAT  \\$aBATCH$b00$c20080505$lBLL01$h1319
=CAT  \\$aBATCH$b00$c20091217$lBLL01$h0328
=CAT  \\$aWR10_184$c20101208$lBLL01$h1635
=CAT  \\$aWR12-140$c20121030$lBLL01$h1048
=CAT  \\$aWR13_070$b00$c20130504$lBLL01$h0235
=CAT  \\$aWR13.144/5$c20140418$lBLL01$h0926
=FIN  \\$aY$d20050128
=DRT  \\$aVDEP
=STA  \\$aSUPPRESSED$bWR10_184
=LAS  \\$aWR13.144/5$b00$c20140418$lBLL01$h0926

