=LDR  02239 am a2200613 a 4500
=001  012996147
=003  Uk
=005  20050127160812.0
=006  m\\\\|\\\d\|\\\\\\
=007  cr||||||||||||
=008  040921s2004\\\\enk\\\\\s\\\\\000\0\eng\\
=FMT  \\$a  BK
=015  \\$aGBA503766$2bnb
=020  \\$a1859352359 (pdf) :$cNo price
=020  \\$a1859352340 (pbk.) :$cNo price
=040  \\$aUk$beng$cUk
=042  \\$aukblsr
=082  04$a362.6$222
=100  1\$aGodfrey, Mary,$d1954-
=245  10$aBuilding a good life for older people in local communities$h[electronic resource] :$bthe experience of ageing in time and place /$cMary Godfrey, Jean Townsend and Tracy Denby.
=260  \\$aYork :$bJoseph Rowntree Foundation,$c2004.
=336  \\$atext$2rdacontent
=337  \\$acomputer$2rdamedia
=338  \\$aonline resource$2rdacarrier
=538  \\$aMode of access: World Wide Web.
=538  \\$aSystem requirements: IBM compatible PC; Windows; Adobe Acrobat Reader.
=500  \\$aTitle from PDF title screen.
=516  \\$aIn PDF format.
=530  \\$aAlso issued in print format.
=650  \0$aOlder people$xServices for$xEvaluation.
=650  \0$aAging$xSocial aspects.
=650  \0$aOlder people$zEngland$zLeeds$xAttitudes.
=650  \0$aOlder people$zEngland$zHartlepool$xAttitudes.
=690  7\$aSocial Welfare$2blcoll
=700  1\$aTownsend, Jean.
=700  1\$aDenby, Tracy.
=710  2\$aJoseph Rowntree Foundation.
=856  40$uhttp://www.jrf.org.uk/bookshop/eBooks/1859352359.pdf
=852  41$aBritish Library$bHMNTS$j315944$cDRT
=CAT  \\$a7750$b40$c20040921$lBLL01$h1426
=CAT  \\$a7332$b40$c20050118$lBLL01$h1548
=CAT  \\$a7332$b40$c20050120$lBLL01$h1054
=CAT  \\$a7332$b40$c20050127$lBLL01$h1608
=CAT  \\$aBATCH-UPD$b40$c20070912$lBLL01$h2021
=CAT  \\$aBATCH$b00$c20080505$lBLL01$h1319
=CAT  \\$aWR10_184$c20101208$lBLL01$h1635
=CAT  \\$aBATCH$b00$c20110625$lBLL01$h0510
=CAT  \\$aBATCH-SWP4$c20110627$lBLL01$h1551
=CAT  \\$aWR12-140$c20121030$lBLL01$h1048
=CAT  \\$aWR13.144/5$c20140418$lBLL01$h0926
=FIN  \\$aY$d20050118
=DRT  \\$aVDEP
=STA  \\$aSUPPRESSED$bWR10_184
=LAS  \\$aWR13.144/5$b00$c20140418$lBLL01$h0926

