=LDR  02146 am a2200589 a 4500
=001  012996168
=003  Uk
=005  20050216093030.0
=006  m\\\\|\\\d\|\\\\\\
=007  cr||||||||||||
=008  040921s2004\\\\enk\\\\\s\\\\\000\0\eng\\
=FMT  \\$a  BK
=015  \\$aGBA508161$2bnb
=020  \\$a1859352162 (pdf) :$cNo price
=020  \\$a1859352154 (pbk.) :$c£13.95
=040  \\$aUk$beng$cUk
=042  \\$aukblsr
=082  04$a338.9429$222
=100  1\$aWilliams, Paul$q(Paul M.)
=245  10$aSustainable development in Wales$h[electronic resource] : understanding effective governance /$cPaul Williams and Alan Thomas.
=260  \\$aYork :$bJoseph Rowntree Foundation,$c2004.
=336  \\$atext$2rdacontent
=337  \\$acomputer$2rdamedia
=338  \\$aonline resource$2rdacarrier
=490  0\$aReconciling environmental and social concerns
=538  \\$aMode of access: World Wide Web.
=538  \\$aSystem requirements: IBM compatible PC; Window; Adobe Acrobat Reader.
=500  \\$aTitle from PDF title screen.
=516  \\$aIn PDF format.
=530  \\$aAlso issued in print format.
=650  \0$aSustainable development$zWales.
=651  \0$aWales$xEconomic policy.
=690  7\$aManagement and Business Studies$2blcoll
=700  1\$aThomas, Alan,$d1948-
=710  2\$aJoseph Rowntree Foundation.
=856  40$uhttp://www.jrf.org.uk/bookshop/eBooks/1859352162.pdf
=856  40$uhttp://www.jrf.org.uk/knowledge/findings/housing/924.asp
=852  41$aBritish Library$bHMNTS$j315983$cDRT
=CAT  \\$a7750$b40$c20040921$lBLL01$h1439
=CAT  \\$a7332$b40$c20050131$lBLL01$h1259
=CAT  \\$a5194$b40$c20050216$lBLL01$h0915
=CAT  \\$a5194$b40$c20050216$lBLL01$h0930
=CAT  \\$aBATCH-UPD$b40$c20070912$lBLL01$h2021
=CAT  \\$aBATCH$b00$c20080505$lBLL01$h1319
=CAT  \\$aBATCH$b00$c20090611$lBLL01$h1712
=CAT  \\$aWR10_184$c20101208$lBLL01$h1635
=CAT  \\$aWR12-140$c20121030$lBLL01$h1048
=CAT  \\$aWR13.144/5$c20140418$lBLL01$h0926
=FIN  \\$aY$d20050131
=DRT  \\$aVDEP
=STA  \\$aSUPPRESSED$bWR10_184
=LAS  \\$aWR13.144/5$b00$c20140418$lBLL01$h0926

