=LDR  01633 am a2200457 a 4500
=001  012996228
=003  Uk
=005  20050204110907.0
=006  m\\\\|\\\d\|\\\\\\
=007  cr||||||||||||
=008  040921s2002\\\\enk\\\\\s\\\\\000\0\eng\\
=FMT  \\$a  BK
=015  \\$aGBA510290$2bnb
=040  \\$aUk$beng$cUk
=042  \\$aukblsr
=082  04$a621.4835$222
=110  2\$aBNFL National Stakeholder Dialogue.
=245  10$aEvidence report$h[electronic resource] :$binfluence, productivity and impact of the dialogue /$cBNFL National Stakeholder Dialogue.
=260  \\$aLondon :$bEnvironment Council,$c2002.
=336  \\$atext$2rdacontent
=337  \\$acomputer$2rdamedia
=338  \\$aonline resource$2rdacarrier
=538  \\$aMode of access: World Wide Web.
=538  \\$aSystem requirements: IBM compatible PC; Windows; Adobe Acrobat Reader.
=500  \\$aTitle from PDF title page.
=516  \\$aPDF format.
=610  20$aBNFL National Stakeholder Dialogue.
=710  2\$aEnvironment Council (Great Britain)
=856  40$uhttp://www.the-environment-council.org.uk/docs/evidence_rpt_final.pdf
=852  41$aBritish Library$bHMNTS$j315959$cDRT
=CAT  \\$a7750$b40$c20040921$lBLL01$h1525
=CAT  \\$a7332$b40$c20050204$lBLL01$h1109
=CAT  \\$aBATCH-UPD$b40$c20070912$lBLL01$h2021
=CAT  \\$aBATCH$b00$c20080505$lBLL01$h1319
=CAT  \\$aWR10_184$c20101208$lBLL01$h1635
=CAT  \\$aWR12-140$c20121030$lBLL01$h1048
=CAT  \\$aWR13.144/5$c20140418$lBLL01$h0926
=FIN  \\$aY$d20050204
=DRT  \\$aVDEP
=STA  \\$aSUPPRESSED$bWR10_184
=LAS  \\$aWR13.144/5$b00$c20140418$lBLL01$h0926

