=LDR  02038 am a2200541 a 4500
=001  012996251
=003  Uk
=005  20050216101134.0
=006  m\\\\|\\\d\|\\\\\\
=007  cr||||||||||||
=008  040921s2002\\\\enk\\\\\s\\\\\000\0\eng\\
=FMT  \\$a  BK
=015  \\$aGBA508235$2bnb
=020  \\$cNo price
=040  \\$aUk$beng$cUk
=042  \\$aukblsr
=082  04$a363.738$222
=110  2\$aBNFL National Stakeholder Dialogue.$bWaste Working Group
=245  10$a[Combined report]$h[electronic resource] /$cBNFL National Stakeholder Dialogue, Waste Working Group.
=260  \\$aLondon :$bThe Environment Council,$c2002.
=336  \\$atext$2rdacontent
=337  \\$acomputer$2rdamedia
=338  \\$aonline resource$2rdacarrier
=538  \\$aMode of access: World Wide Web.
=538  \\$aSystem requirements: IBM compatible PC; Windows; Adobe Acrobat Reader.
=500  \\$aTitle supplied by cataloguer.
=516  \\$aIn PDF format.
=500  \\$aA combined report comprising: Interim report (28 February 2000); first update (31 October 2000); second update (23 November 2001).
=610  20$aBritish Nuclear Fuels (Firm)
=650  \0$aRadioactive pollution.
=710  2\$aEnvironment Council (Great Britain)
=856  40$uhttp://www.the-environment-council.org.uk/docs/DWG_Combined%20_report.pdf
=852  41$aBritish Library$bHMNTS$j315942$cDRT
=CAT  \\$a7750$b40$c20040921$lBLL01$h1541
=CAT  \\$a7332$b40$c20050201$lBLL01$h1012
=CAT  \\$a7332$b40$c20050215$lBLL01$h1526
=CAT  \\$a5194$b40$c20050216$lBLL01$h1011
=CAT  \\$aUE-01$b00$c20050216$lBLL01$h1701
=CAT  \\$aBATCH-UPD$b00$c20070912$lBLL01$h2021
=CAT  \\$aBATCH$b00$c20080505$lBLL01$h1319
=CAT  \\$aBATCH-UPD$b00$c20080820$lBLL01$h1501
=CAT  \\$aWR10_184$c20101208$lBLL01$h1635
=CAT  \\$aWR12-140$c20121030$lBLL01$h1048
=CAT  \\$aWR13.144/5$c20140418$lBLL01$h0926
=FIN  \\$aY$d20050201
=DRT  \\$aVDEP
=STA  \\$aSUPPRESSED$bWR10_184
=LAS  \\$aWR13.144/5$b00$c20140418$lBLL01$h0926

