=LDR  01939 am a2200529 a 4500
=001  012996271
=003  Uk
=005  20050215143717.0
=006  m\\\\|\\\d\|\\\\\\
=007  cr||||||||||||
=008  040921s2002\\\\enk\\\\\s\\\\\000\0\eng\\
=FMT  \\$a  BK
=015  \\$aGBA505643$2bnb
=020  \\$cNo price
=040  \\$aUk$beng$cUk
=042  \\$aukblsr
=082  04$a621.4838$222
=110  2\$aBNFL National Stakeholder Dialogue.$bSpent Fuel Management Options Working Group
=245  10$aReport$h[electronic resource] /$cBNFL National Stakeholder Dialogue, Spent Fuel Management Options Working Group.
=260  \\$aLondon :$bThe Environment Council,$c2002.
=336  \\$atext$2rdacontent
=337  \\$acomputer$2rdamedia
=338  \\$aonline resource$2rdacarrier
=538  \\$aMode of access: World Wide Web.
=538  \\$aSystem requirements: IBM compatible PC; Windows; Adobe Acrobat Reader.
=500  \\$aTitle from PDF title screen.
=516  \\$aIn PDF format.
=650  \0$aSpent reactor fuels$zGreat Britain.
=710  2\$aEnvironment Council (Great Britain)
=856  40$uhttp://www.the-environment-council.org.uk/docs/SFMO_FullReport_July02.pdf
=852  41$aBritish Library$bHMNTS$j315943$cDRT
=CAT  \\$a7750$b40$c20040921$lBLL01$h1554
=CAT  \\$a7332$b40$c20050127$lBLL01$h1413
=CAT  \\$a7332$b40$c20050127$lBLL01$h1544
=CAT  \\$a7332$b40$c20050215$lBLL01$h1352
=CAT  \\$a7332$b40$c20050215$lBLL01$h1415
=CAT  \\$a5194$b40$c20050215$lBLL01$h1437
=CAT  \\$aUE-01$b00$c20050215$lBLL01$h1610
=CAT  \\$aBATCH-UPD$b00$c20070912$lBLL01$h2021
=CAT  \\$aBATCH$b00$c20080505$lBLL01$h1319
=CAT  \\$aWR10_184$c20101208$lBLL01$h1635
=CAT  \\$aWR12-140$c20121030$lBLL01$h1048
=CAT  \\$aWR13.144/5$c20140418$lBLL01$h0926
=FIN  \\$aY$d20050127
=DRT  \\$aVDEP
=STA  \\$aSUPPRESSED$bWR10_184
=LAS  \\$aWR13.144/5$b00$c20140418$lBLL01$h0926

