=LDR  02153 am a2200529 a 4500
=001  012997954
=003  Uk
=005  20050201173521.0
=006  m\\\\|\\\d\|\\\\\\
=007  cr|||\|||a||||
=008  040922s2002\\\\enk||||\s||||\00|\0\eng\\
=FMT  \\$a  BK
=015  \\$aGBA502001$2bnb
=040  \\$aUk$beng$cUk
=042  \\$aukblsr
=082  04$a333.79240941$222
=245  00$aPrinciples for liabilities management$h[electronic resource] :$ba response to the DTI's white paper "Managing the nuclear legacy" from the Business Futures Working Group of the BNFL National Stakeholder Dialogue.
=260  \\$aLondon :$bEnvironment Council,$c2002.
=336  \\$atext$2rdacontent
=337  \\$acomputer$2rdamedia
=338  \\$aonline resource$2rdacarrier
=538  \\$aMode of access: World Wide Web.
=538  \\$aSystem requirements: IBM compatible PC; Windows; Adobe Acrobat Reader.
=500  \\$aTitle from PDF title page.
=516  \\$aPDF format.
=610  20$aBNFL National Stakeholder Dialogue.$bBusiness Futures Working Group.
=650  \0$aNuclear industry$zGreat Britain$xManagement.
=650  \0$aLiability for nuclear damages$zGreat Britain.
=650  \0$aRadioactive waste disposal$xGovernment policy$zGreat Britain.
=650  \0$aNuclear power plants$xDecommissioning$xGovernment policy$zGreat Britain.
=856  40$uhttp://www.the-environment-council.org.uk/docs/Principles%20report%20-%20final%20pdf.pdf
=852  41$aBritish Library$bHMNTS$j315972$cDRT
=CAT  \\$a7750$b40$c20040922$lBLL01$h1008
=CAT  \\$a7750$b40$c20040922$lBLL01$h1012
=CAT  \\$a8141$b40$c20050110$lBLL01$h1410
=CAT  \\$a5194$b40$c20050201$lBLL01$h1735
=CAT  \\$aUE-01$b00$c20050201$lBLL01$h1837
=CAT  \\$aBATCH-UPD$b00$c20070912$lBLL01$h2021
=CAT  \\$aBATCH$b00$c20080505$lBLL01$h1319
=CAT  \\$aWR10_184$c20101208$lBLL01$h1635
=CAT  \\$aWR12-140$c20121030$lBLL01$h1048
=CAT  \\$aWR13.144/5$c20140418$lBLL01$h0926
=CAT  \\$aBATCH-UPD$b00$c20180718$lBLL01$h1726
=FIN  \\$aY$d20050201
=DRT  \\$aVDEP
=STA  \\$aSUPPRESSED$bWR10_184
=LAS  \\$aBATCH-UPD$b00$c20180718$lBLL01$h1726

