=LDR  01936 am a2200529 a 4500
=001  012997968
=003  Uk
=005  20050204101014.0
=006  m\\\\|\\\d\|\\\\\\
=007  cr||||||||||||
=008  040922s2003\\\\enk||||\s||||\00|\0\eng\\
=FMT  \\$a  BK
=015  \\$aGBA508146$2bnb
=040  \\$aUk$beng$cUk
=042  \\$aukblsr
=082  04$a621.4838$222
=110  2\$aBNFL National Stakeholder Dialogue.$bPlutonium Working Group
=245  10$aFinal report$h[electronic resource] /$cBNFL National Stakeholder Dialogue, Plutonium Working Group.
=260  \\$aLondon :$bEnvironment Council,$c2003.
=336  \\$atext$2rdacontent
=337  \\$acomputer$2rdamedia
=338  \\$aonline resource$2rdacarrier
=538  \\$aMode of access: World Wide Web.
=538  \\$aSystem requirements: IBM compatible PC; Windows; Adobe Acrobat Reader.
=500  \\$aTitle from PDF title page.
=516  \\$aPDF format.
=650  \0$aPlutonium$xStorage$zGreat Britain.
=650  \0$aRadioactive waste disposal$zGreat Britain$xManagement.
=710  2\$aEnvironment Council (Great Britain)
=856  40$uhttp://www.the-environment-council.org.uk/docs/PuWG_Report_Mar_03.pdf
=852  41$aBritish Library$bHMNTS$j315941$cDRT
=CAT  \\$a7750$b40$c20040922$lBLL01$h1020
=CAT  \\$a8141$b40$c20050131$lBLL01$h0851
=CAT  \\$a8141$b40$c20050131$lBLL01$h0855
=CAT  \\$a8141$b40$c20050131$lBLL01$h0917
=CAT  \\$a8141$b40$c20050131$lBLL01$h1136
=CAT  \\$a5194$b40$c20050203$lBLL01$h1101
=CAT  \\$a7332$b40$c20050204$lBLL01$h1010
=CAT  \\$aBATCH-UPD$b40$c20070912$lBLL01$h2021
=CAT  \\$aBATCH$b00$c20080505$lBLL01$h1319
=CAT  \\$aWR10_184$c20101208$lBLL01$h1635
=CAT  \\$aWR12-140$c20121030$lBLL01$h1048
=CAT  \\$aWR13.144/5$c20140418$lBLL01$h0926
=FIN  \\$aY$d20050203
=DRT  \\$aVDEP
=STA  \\$aSUPPRESSED$bWR10_184
=LAS  \\$aWR13.144/5$b00$c20140418$lBLL01$h0926

