=LDR  01950 am a2200541 a 4500
=001  012997986
=003  Uk
=005  20050324074318.0
=006  m\\\\|\\\d\|\\\\\\
=007  cr||||||||||||
=008  040922s2004\\\\enk||||\s||||o00|\0\eng\\
=FMT  \\$a  BK
=015  \\$aGBA508153$2bnb
=040  \\$aUk$beng$cUk
=042  \\$aukblsr
=082  04$a344.4125763085$222
=245  00$aAdoptive parents$h[electronic resource] :$brights to leave and pay when a child is adopted from overseas ; a guide for employers and employees.
=250  \\$aVersion 3.
=260  \\$a[London :$bDTI],$c2004.
=336  \\$atext$2rdacontent
=337  \\$acomputer$2rdamedia
=338  \\$aonline resource$2rdacarrier
=538  \\$aMode of access: World Wide Web.
=538  \\$aSystem requirements: IBM compatible PC; Windows; Adobe Acrobat Reader.
=500  \\$aTitle from p.1 of PDF file.
=516  \\$aPDF format.
=500  \\$a[Publisher's no.: URN 03/1707]
=650  \0$aAdoptive parents$zGreat Britain.
=650  \0$aParental leave$xLaw and legislation$zGreat Britain.
=710  1\$aGreat Britain.$bDepartment of Trade and Industry.
=856  40$uhttp://www.dti.gov.uk/er/overseas.pdf
=852  41$aBritish Library$bHMNTS$j315939$cDRT
=985  \\$aRecord amended for WR# 13/070
=CAT  \\$a7750$b40$c20040922$lBLL01$h1033
=CAT  \\$a8141$b40$c20050131$lBLL01$h1010
=CAT  \\$a8141$b40$c20050131$lBLL01$h1133
=CAT  \\$aUE-01$b00$c20050207$lBLL01$h1708
=CAT  \\$a8141$b40$c20050324$lBLL01$h0743
=CAT  \\$aBATCH-UPD$b40$c20070912$lBLL01$h2021
=CAT  \\$aBATCH$b00$c20080505$lBLL01$h1319
=CAT  \\$aWR10_184$c20101208$lBLL01$h1635
=CAT  \\$aWR12-140$c20121030$lBLL01$h1048
=CAT  \\$aWR13_070$b00$c20130504$lBLL01$h0235
=CAT  \\$aWR13.144/5$c20140418$lBLL01$h0926
=FIN  \\$aY$d20050131
=DRT  \\$aVDEP
=STA  \\$aSUPPRESSED$bWR10_184
=LAS  \\$aWR13.144/5$b00$c20140418$lBLL01$h0926

