=LDR  02001 am a2200541 a 4500
=001  012998031
=003  Uk
=005  20050920153440.0
=006  m\\\\|\\\d\|\\\\\\
=007  cr||||||||||||
=008  040922s2004\\\\enk\\\\\s\\\\o000\0\eng\\
=FMT  \\$a  BK
=015  \\$aGBA510517$2bnb
=040  \\$aUk$beng$cUk
=042  \\$aukblsr
=082  04$a338.23$222
=245  00$aConsultation on a possible exemption order from the requirement for a gas transporter licence in respect of liquefied natural gas import facilities.$h[electronic resource]
=260  \\$a[London] :$bDTI,$c2004.
=336  \\$atext$2rdacontent
=337  \\$acomputer$2rdamedia
=338  \\$aonline resource$2rdacarrier
=538  \\$aMode of access: World Wide Web.
=538  \\$aSystem requirements: IBM compatible PC; Windows; Adobe Acrobat Reader.
=500  \\$aTitle from PDF title page.
=516  \\$aIn PDF format.
=500  \\$aURN 04/1591.
=690  7\$aManagement and Business Studies$2blcoll
=650  \0$aGas industry$xLicences$zGreat Britain.
=710  1\$aGreat Britain.$bDepartment of Trade and Industry.
=856  40$uhttp://www.dti.gov.uk/energy/consultations/lng_licence_exemption.pdf
=852  41$aBritish Library$bHMNTS$j315948$cDRT
=985  \\$aRecord amended for WR# 13/070
=CAT  \\$a7750$b40$c20040922$lBLL01$h1059
=CAT  \\$a7332$b40$c20050207$lBLL01$h1048
=CAT  \\$a7332$b40$c20050207$lBLL01$h1402
=CAT  \\$aUE-01$b00$c20050207$lBLL01$h1708
=CAT  \\$a7332$b40$c20050920$lBLL01$h1534
=CAT  \\$aBATCH-UPD$b40$c20070912$lBLL01$h2021
=CAT  \\$aBATCH$b00$c20080505$lBLL01$h1319
=CAT  \\$aBATCH$b00$c20090611$lBLL01$h1712
=CAT  \\$aWR10_184$c20101208$lBLL01$h1635
=CAT  \\$aWR12-140$c20121030$lBLL01$h1048
=CAT  \\$aWR13_070$b00$c20130504$lBLL01$h0235
=CAT  \\$aWR13.144/5$c20140418$lBLL01$h0926
=FIN  \\$aY$d20050207
=DRT  \\$aVDEP
=STA  \\$aSUPPRESSED$bWR10_184
=LAS  \\$aWR13.144/5$b00$c20140418$lBLL01$h0926

