=LDR  01945 am a2200541 a 4500
=001  012998037
=003  Uk
=005  20050607093205.0
=006  m\\\\|\\\d\|\\\\\\
=007  cr||||||||||||
=008  040922s2004\\\\enk\\\\\s\\\\o000\0\eng\\
=FMT  \\$a  BK
=040  \\$aUk$beng$cUk
=042  \\$aukblsr
=082  04$a660.60941$222
=245  00$aBIO-WISE$h[electronic resource] :$bbiotechnology at work.
=246  36$aCost-effective bioadsorption to remove colour from textile effluent$h[electronic resource]
=260  \\$a[London] :$bDTI,$c2004.
=336  \\$atext$2rdacontent
=337  \\$acomputer$2rdamedia
=338  \\$aonline resource$2rdacarrier
=490  1\$aAction profile / DTI
=538  \\$aMode of access: World Wide Web.
=538  \\$aSystem requirements: Adobe Acrobat Reader.
=500  \\$aTitle from PDF title page.
=516  \\$aIn PDF format.
=500  \\$aPublisher's no.: URN 03/1304.
=500  \\$aContract no.: DTI/BW/73/7/2004/NP.
=650  \0$aBiotechnology$zGreat Britain.
=710  1\$aGreat Britain.$bDepartment of Trade and Industry.
=710  2\$aAEA Technology (Firm)
=856  40$uhttp://www.biowise.org.uk/core_files/Hanna_final_amended.pdf
=830  \0$aAction profile (Great Britain. Department of Trade and Industry)
=852  41$aBritish Library$bHMNTS$j315949$cDRT
=985  \\$aRecord amended for WR# 13/070
=CAT  \\$a7750$b40$c20040922$lBLL01$h1103
=CAT  \\$a11281$b40$c20050607$lBLL01$h0930
=CAT  \\$a11281$b40$c20050607$lBLL01$h0932
=CAT  \\$aBATCH-UPD$b40$c20070912$lBLL01$h2021
=CAT  \\$aBATCH$b00$c20080505$lBLL01$h1319
=CAT  \\$aWR10_184$c20101208$lBLL01$h1635
=CAT  \\$aWR12-140$c20121030$lBLL01$h1048
=CAT  \\$aWR13_070$b00$c20130504$lBLL01$h0235
=CAT  \\$aWR13.144/5$c20140418$lBLL01$h0926
=FIN  \\$aY$d20050607
=DRT  \\$aVDEP
=STA  \\$aSUPPRESSED$bWR10_184
=LAS  \\$aWR13.144/5$b00$c20140418$lBLL01$h0926

