=LDR  02088 am a2200565 a 4500
=001  012998042
=003  Uk
=005  20050127124332.0
=006  m\\\\|\\\d\|\\\\\\
=007  cr|||\|||a||||
=008  040922s2004\\\\enk||||\s||||o00|\0\eng\\
=FMT  \\$a  BK
=015  \\$aGBA507982$2bnb
=040  \\$aUk$beng$cUk
=042  \\$aukblsr
=082  04$a621.3121$222
=245  00$aDeveloping the P2/6 methodology$h[electronic resource] :$bfinal report /$cprepared by Ron Allan ... [et al.].
=260  \\$a[London :$bDTI],$c2004.
=336  \\$atext$2rdacontent
=337  \\$acomputer$2rdamedia
=338  \\$aonline resource$2rdacarrier
=538  \\$aMode of access: World Wide Web.
=538  \\$aSystem requirements: IBM compatible PC; Windows; Adobe Acrobat Reader.
=500  \\$aTitle from PDF title page.
=516  \\$aPDF format.
=500  \\$aURN no.: 04/1065.
=500  \\$aContract no.: DG/CG/00023/00/00.
=650  \0$aDistributed generation of electric power$xEvaluation.
=650  \0$aDistributed generation of electric power$xReliability.
=650  \0$aElectric power systems$xEvaluation.
=650  \0$aElectric power systems$xReliability.
=700  1\$aAllan, Ronald N.$q(Ronald Norman).
=710  1\$aGreat Britain.$bDepartment of Trade and Industry.
=856  40$uhttp://www.dti.gov.uk/energy/renewables/publications/pdfs/dgcg00023.pdf
=852  41$aBritish Library$bHMNTS$cDRT$j315954
=985  \\$aRecord amended for WR# 13/070
=CAT  \\$a7750$b40$c20040922$lBLL01$h1108
=CAT  \\$a8141$b40$c20050127$lBLL01$h1243
=CAT  \\$aUE-01$b00$c20050207$lBLL01$h1708
=CAT  \\$aBATCH-UPD$b00$c20070912$lBLL01$h2021
=CAT  \\$aBATCH$b00$c20080505$lBLL01$h1319
=CAT  \\$aWR10_184$c20101208$lBLL01$h1635
=CAT  \\$aWR12-140$c20121030$lBLL01$h1048
=CAT  \\$aWR13_070$b00$c20130504$lBLL01$h0235
=CAT  \\$aWR13.144/5$c20140418$lBLL01$h0926
=CAT  \\$aBATCH-UPD$b00$c20180201$lBLL01$h1241
=FIN  \\$aY$d20050127
=DRT  \\$aVDEP
=STA  \\$aSUPPRESSED$bWR10_184
=LAS  \\$aBATCH-UPD$b00$c20180201$lBLL01$h1241

