=LDR  01869 am a2200529 a 4500
=001  012998050
=003  Uk
=005  20050204141302.0
=006  m\\\\|\\\d\|\\\\\\
=007  cr||||||||||||
=008  040922s2004\\\\enk||||\s||||o00|\0\eng\\
=FMT  \\$a  BK
=015  \\$aGBA510282$2bnb
=040  \\$aUk$beng$cUk
=042  \\$aukblsr
=082  04$a062$222
=245  00$aEfficiency review of UKAS$h[electronic resource] /$csummary of a report by Hedra Plc for the Department of Trade & Industry.
=260  \\$a[London] :$bDTI,$c2004.
=336  \\$atext$2rdacontent
=337  \\$acomputer$2rdamedia
=338  \\$aonline resource$2rdacarrier
=538  \\$aMode of access: World Wide Web.
=538  \\$aSystem requirements: IBM compatible PC; Windows; Adobe Acrobat Reader.
=500  \\$aTitle from PDF title page.
=516  \\$aPDF format.
=500  \\$aPublisher's no.: URN 04/1546.
=610  20$aUnited Kingdom Accreditation Service$xEvaluation.
=710  1\$aGreat Britain.$bDepartment of Trade and Industry.
=710  2\$aHedra (Firm)
=856  40$uhttp://www.dti.gov.uk/strd/ukaser.pdf
=852  41$aBritish Library$bHMNTS$j315989$cDRT
=985  \\$aRecord amended for WR# 13/070
=CAT  \\$a7750$b40$c20040922$lBLL01$h1113
=CAT  \\$a8141$b40$c20050204$lBLL01$h0947
=CAT  \\$a5194$b40$c20050204$lBLL01$h1102
=CAT  \\$a8141$b40$c20050204$lBLL01$h1413
=CAT  \\$aUE-01$b00$c20050207$lBLL01$h1708
=CAT  \\$aBATCH-UPD$b00$c20070912$lBLL01$h2021
=CAT  \\$aBATCH$b00$c20080505$lBLL01$h1319
=CAT  \\$aWR10_184$c20101208$lBLL01$h1635
=CAT  \\$aWR12-140$c20121030$lBLL01$h1048
=CAT  \\$aWR13_070$b00$c20130504$lBLL01$h0235
=CAT  \\$aWR13.144/5$c20140418$lBLL01$h0926
=FIN  \\$aY$d20050204
=DRT  \\$aVDEP
=STA  \\$aSUPPRESSED$bWR10_184
=LAS  \\$aWR13.144/5$b00$c20140418$lBLL01$h0926

