=LDR  01905 am a2200529 a 4500
=001  012998061
=003  Uk
=005  20050512161432.0
=006  m\\\\|\\\d\|\\\\\\
=007  cr||||||||||||
=008  040922s2004\\\\enk\\\\\s\\\\o000\0\eng\\
=FMT  \\$a  BK
=040  \\$aUk$beng$cUk
=042  \\$aukblsr
=082  04$a660.60941$222
=245  00$aBIO-WISE$h[electronic resource] :$bbiotechnology at work.
=246  36$aEffluent treatment helps company meet legislative requirements.
=260  \\$a[London] :$bDTI,$c2004.
=336  \\$atext$2rdacontent
=337  \\$acomputer$2rdamedia
=338  \\$aonline resource$2rdacarrier
=490  1\$aAction profile / DTI
=538  \\$aMode of access: World Wide Web.
=538  \\$aSystem requirements: IBM compatible PC; Windows; Adobe Acrobat Reader.
=500  \\$aTitle from PDF title page.
=516  \\$aIn PDF format.
=500  \\$aURN no. 04/1303.
=500  \\$aContract no. DTI/BW/72/6/2004/NP.
=650  \0$aBiotechnology$zGreat Britain.
=710  1\$aGreat Britain.$bDepartment of Trade and Industry.
=710  2\$aAEA Technology (Firm)
=856  4\$uhttp://www.biowise.org.uk/core_files/clark_profile_final.pdf?pubpdfdload=04%2F1303
=830  \0$aAction profile (Great Britain. Department of Trade and Industry)
=852  41$aBritish Library$bHMNTS$j315958$cDRT
=985  \\$aRecord amended for WR# 13/070
=CAT  \\$a7750$b40$c20040922$lBLL01$h1117
=CAT  \\$a11281$b40$c20050512$lBLL01$h1614
=CAT  \\$aBATCH-UPD$b40$c20070912$lBLL01$h2021
=CAT  \\$aBATCH$b00$c20080505$lBLL01$h1319
=CAT  \\$aWR10_184$c20101208$lBLL01$h1635
=CAT  \\$aWR12-140$c20121030$lBLL01$h1048
=CAT  \\$aWR13_070$b00$c20130504$lBLL01$h0235
=CAT  \\$aWR13.144/5$c20140418$lBLL01$h0926
=FIN  \\$aY$d20050512
=DRT  \\$aVDEP
=STA  \\$aSUPPRESSED$bWR10_184
=LAS  \\$aWR13.144/5$b00$c20140418$lBLL01$h0926

