=LDR  01904 am a2200517 a 4500
=001  012998072
=003  Uk
=005  20050324075639.0
=006  m\\\\|\\\d\|\\\\\\
=007  cr||||||||||||
=008  040922s2004\\\\enk||||\s||||o00|\0\eng\\
=FMT  \\$a  BK
=015  \\$aGBA508066$2bnb
=040  \\$aUk$beng$cUk
=042  \\$aukblsr
=082  04$a344.410533$222
=245  00$aFirework regulations 2004$h[electronic resource] :$bconsultation response for the consultation beginning on 23 April and ending on 2 July 2004.
=260  \\$a[London :$bDTI,$c2004?].
=336  \\$atext$2rdacontent
=337  \\$acomputer$2rdamedia
=338  \\$aonline resource$2rdacarrier
=538  \\$aMode of access: World Wide Web.
=538  \\$aSystem requirements: IBM compatible PC; Windows; Adobe Acrobat Reader.
=500  \\$aTitle from p.1 of PDF file.
=516  \\$aPDF format.
=500  \\$a[Publisher's no.: URN 04/1584]
=650  \0$aFireworks$xLaw and legislation$zGreat Britain.
=650  \0$aFireworks$xSafety regulations$zGreat Britain.
=710  1\$aGreat Britain.$bDepartment of Trade and Industry.
=856  40$uhttp://www.dti.gov.uk/ccp/consultpdf/firecondocrespond041.pdf
=852  41$aBritish Library$bHMNTS$j315990$cDRT
=985  \\$aRecord amended for WR# 13/070
=CAT  \\$a7750$b40$c20040922$lBLL01$h1122
=CAT  \\$a8141$b40$c20050128$lBLL01$h1520
=CAT  \\$aUE-01$b00$c20050207$lBLL01$h1708
=CAT  \\$a8141$b40$c20050324$lBLL01$h0756
=CAT  \\$aBATCH-UPD$b40$c20070912$lBLL01$h2021
=CAT  \\$aBATCH$b00$c20080505$lBLL01$h1319
=CAT  \\$aWR10_184$c20101208$lBLL01$h1635
=CAT  \\$aWR12-140$c20121030$lBLL01$h1048
=CAT  \\$aWR13_070$b00$c20130504$lBLL01$h0235
=CAT  \\$aWR13.144/5$c20140418$lBLL01$h0926
=FIN  \\$aY$d20050128
=DRT  \\$aVDEP
=STA  \\$aSUPPRESSED$bWR10_184
=LAS  \\$aWR13.144/5$b00$c20140418$lBLL01$h0926

