=LDR  02467 am a2200625 a 4500
=001  012998100
=003  Uk
=005  20050324075409.0
=006  m\\\\|\\\d\|\\\\\\
=007  cr||n\|||a||||
=008  040922s2004\\\\enk||||\s||||o00|\0\eng\\
=FMT  \\$a  BK
=015  \\$aGBA522501$2bnb
=020  \\$cNo price
=040  \\$aUk$beng$cUk
=042  \\$aukblsr
=082  04$a343.410926$222
=245  00$aImplementation of article 23/25 (5) and (6) of EU directives 2003/54 and 2003/55 concerning common rules for the internal markets in electricity and gas$h[electronic resource].
=260  \\$a[London] :$bDTI,$c2004.
=336  \\$atext$2rdacontent
=337  \\$acomputer$2rdamedia
=338  \\$aonline resource$2rdacarrier
=538  \\$aMode of access: World Wide Web.
=538  \\$aSystem requirements: IBM compatible PC; Windows; Adobe Acrobat Reader.
=500  \\$aTitle from p.1 of PDF file.
=516  \\$aPDF format.
=500  \\$a[Publisher's no.: URN 04/1551]
=650  \0$aComplaints (Administrative procedure)$zGreat Britain.
=650  \0$aDispute resolution (Law)$zGreat Britain.
=650  \0$aElectric utilities$xLaw and legislation$zEngland.
=650  \0$aElectric utilities$xLaw and legislation$zScotland.
=650  \0$aElectric utilities$xLaw and legislation$zWales.
=650  \0$aGas companies$xLaw and legislation$zEngland.
=650  \0$aGas companies$xLaw and legislation$zScotland.
=650  \0$aGas companies$xLaw and legislation$zWales.
=710  1\$aGreat Britain.$bDepartment of Trade and Industry.
=856  40$uhttp://www.dti.gov.uk/energy/consultations/internal_markets_in_electricity_and_gas.pdf
=852  41$aBritish Library$bHMNTS$j315961$cDRT
=985  \\$aRecord amended for WR# 13/070
=CAT  \\$a7750$b40$c20040922$lBLL01$h1139
=CAT  \\$a7750$b40$c20040922$lBLL01$h1142
=CAT  \\$a8141$b40$c20050314$lBLL01$h1019
=CAT  \\$a8141$b40$c20050314$lBLL01$h1424
=CAT  \\$a8141$b40$c20050324$lBLL01$h0754
=CAT  \\$aBATCH-UPD$b40$c20070723$lBLL01$h1543
=CAT  \\$aBATCH-UPD$b40$c20070912$lBLL01$h2021
=CAT  \\$aBATCH$b00$c20080505$lBLL01$h1319
=CAT  \\$aWR10_184$c20101208$lBLL01$h1635
=CAT  \\$aWR12-140$c20121030$lBLL01$h1048
=CAT  \\$aWR13_070$b00$c20130504$lBLL01$h0235
=CAT  \\$aWR13.144/5$c20140418$lBLL01$h0926
=FIN  \\$aY$d20050314
=DRT  \\$aVDEP
=STA  \\$aSUPPRESSED$bWR10_184
=LAS  \\$aWR13.144/5$b00$c20140418$lBLL01$h0926

