=LDR  02548 am a2200673 a 4500
=001  012998110
=003  Uk
=005  20050413091811.0
=006  m\\\\|\\\d\|\\\\\\
=007  cr||||||||||||
=008  040922s2003\\\\enk||||\s||||o00|\0\eng\\
=FMT  \\$a  BK
=015  \\$aGBA510270$2bnb
=040  \\$aUk$beng$cUk
=042  \\$aukblsr
=082  04$a634.9723285$222
=245  00$aShoot allometry and biomass productivity in poplar and willow varieties grown as short rotation coppice$h[electronic resource] :$bsummary of results 1995-2000 /$cprepared by R. Matthews, P. Henshall, I. Tubby.
=260  \\$a[London] :$bDTI,$c2003.
=336  \\$atext$2rdacontent
=337  \\$acomputer$2rdamedia
=338  \\$aonline resource$2rdacarrier
=538  \\$aMode of access: World Wide Web.
=538  \\$aSystem requirements: IBM compatible PC; Windows; Adobe Acrobat Reader.
=500  \\$aTitle from PDF cover title.
=516  \\$aPDF format.
=500  \\$aPublisher's no.: URN 03/1437.
=500  \\$aFES B/W2/00624/REP/01.
=650  \0$aCoppice forests$zGreat Britain.
=650  \0$aForest biomass$zGreat Britain.
=650  \0$aPoplar$xYields$zGreat Britain.
=650  \0$aPoplar$zGreat Britain$xGrowth.
=650  \0$aShort rotation forestry$zGreat Britain.
=650  \0$aWillows$xYields$zGreat Britain.
=650  \0$aWillows$zGreat Britain$xGrowth.
=700  1\$aHenshall, P.$q(Paul).
=700  1\$aMatthews, R.$q(Robert).
=700  1\$aTubby, I.$q(Ian).
=710  1\$aGreat Britain.$bDepartment of Trade and Industry.
=856  40$uhttp://www.dti.gov.uk/energy/renewables/publications/pdfs/bw200624part1.pdf
=852  41$aBritish Library$bHMNTS$j315979$cDRT
=985  \\$aRecord amended for WR# 13/070
=CAT  \\$a7750$b40$c20040922$lBLL01$h1145
=CAT  \\$a8141$b40$c20050203$lBLL01$h1613
=CAT  \\$a8141$b40$c20050203$lBLL01$h1614
=CAT  \\$a5194$b40$c20050204$lBLL01$h0938
=CAT  \\$aUE-01$b00$c20050207$lBLL01$h1708
=CAT  \\$a11249$b40$c20050413$lBLL01$h0917
=CAT  \\$a11249$b40$c20050413$lBLL01$h0918
=CAT  \\$aBATCH-UPD$b40$c20070912$lBLL01$h2021
=CAT  \\$aBATCH$b00$c20080505$lBLL01$h1319
=CAT  \\$aWR10_184$c20101208$lBLL01$h1635
=CAT  \\$aWR12-140$c20121030$lBLL01$h1048
=CAT  \\$aWR13_070$b00$c20130504$lBLL01$h0235
=CAT  \\$aWR13.144/5$c20140418$lBLL01$h0926
=CAT  \\$aBATCH-UPD$b00$c20180201$lBLL01$h1241
=FIN  \\$aY$d20050203
=DRT  \\$aVDEP
=STA  \\$aSUPPRESSED$bWR10_184
=LAS  \\$aBATCH-UPD$b00$c20180201$lBLL01$h1241

