=LDR  01933 am a2200541 a 4500
=001  012998190
=003  Uk
=005  20050203115507.0
=006  m\\\\|\\\d\|\\\\\\
=007  cr||||||||||||
=008  040922s2002\\\\enk||||\s||||o00|\0\eng\\
=FMT  \\$a  BK
=015  \\$aGBA508182$2bnb
=040  \\$aUk$beng$cUk
=042  \\$aukblsr
=082  04$a333.794$222
=245  04$aThe world offshore renewable energy report 2002-2007$h[electronic resource] /$csummary of a report by Douglas-Westwood Limited for Renewables UK.
=260  \\$a[Aberdeen] :$bRenewables UK,$c2002.
=336  \\$atext$2rdacontent
=337  \\$acomputer$2rdamedia
=338  \\$aonline resource$2rdacarrier
=490  1\$aReport ;$vno. 197-02
=538  \\$aMode of access: World Wide Web.
=538  \\$aSystem requirements: IBM compatible PC; Windows; Adobe Acrobat Reader.
=500  \\$aTitle from PDF title page.
=516  \\$aPDF format.
=650  \0$aRenewable energy sources$xEconomic aspects.
=650  \0$aWind power industry.
=650  \0$aTidal power industry.
=650  \0$aOcean wave power$xEconomic aspects.
=710  2\$aRenewables UK.
=710  2\$aDouglas-Westwood (Firm)
=830  \0$aReport (Renewables UK) ;$vno. 197-02.
=856  40$uhttp://www.dti.gov.uk/energy/renewables/publications/pdfs/summary.pdf
=852  41$aBritish Library$bHMNTS$j315982$cDRT
=CAT  \\$a7750$b40$c20040922$lBLL01$h1233
=CAT  \\$a8141$b40$c20050131$lBLL01$h1412
=CAT  \\$a8141$b40$c20050131$lBLL01$h1453
=CAT  \\$a5194$b40$c20050203$lBLL01$h1155
=CAT  \\$aBATCH-UPD$b40$c20070912$lBLL01$h2021
=CAT  \\$aBATCH$b00$c20080505$lBLL01$h1319
=CAT  \\$aWR10_184$c20101208$lBLL01$h1635
=CAT  \\$aWR12-140$c20121030$lBLL01$h1048
=CAT  \\$aWR13.144/5$c20140418$lBLL01$h0926
=FIN  \\$aY$d20050131
=DRT  \\$aVDEP
=STA  \\$aSUPPRESSED$bWR10_184
=LAS  \\$aWR13.144/5$b00$c20140418$lBLL01$h0926

