=LDR  01829 am a2200505 a 4500
=001  013004452
=003  Uk
=005  20050114102136.0
=006  m\\\\|\\\d\|\\\\\\
=007  cr|||\|||a||||
=008  041001s2004\\\\enk||||\s||||\00|\0\eng\\
=FMT  \\$a  BK
=015  \\$aGBA503502$2bnb
=020  \\$a1859352146 (online) :$cNo price
=020  \\$a1859352138 (pbk.) :$c£9.95
=040  \\$aUk$beng$cUk
=042  \\$aukblsr
=082  04$a363.59694209429$222
=100  1\$aBurrows, Roger,$d1962-
=245  10$aLow-income homeowners in Wales$h[electronic resource] /$cRoger Burrows and Steve Wilcox.
=246  1\$iWelsh title:$aPerchentywyr ar incwm isel yng Nghymru
=260  \\$aYork :$bJoseph Rowntree Foundation,$c2004.
=336  \\$atext$2rdacontent
=337  \\$acomputer$2rdamedia
=338  \\$aonline resource$2rdacarrier
=538  \\$aMode of access: World Wide Web.
=538  \\$aSystem requirements: IBM compatible PC; Windows; Adobe Acrobat Reader.
=500  \\$aTitle from PDF title screen.
=516  \\$aPDF format.
=530  \\$aAlso published in paper format with text in English and Welsh.
=650  \0$aHome ownership$zWales.
=650  \0$aLow-income housing$zWales.
=650  \0$aHome ownership$zGreat Britain$xRegional disparities.
=700  1\$aWilcox, Steve.
=856  4\$uhttp://www.jrf.org.uk/bookshop/eBooks/1859352146.pdf
=852  41$aBritish Library$bHMNTS$j318058$cDRT
=CAT  \\$a7750$b40$c20041001$lBLL01$h1025
=CAT  \\$a8141$b40$c20050114$lBLL01$h1021
=CAT  \\$aBATCH$b00$c20080505$lBLL01$h1319
=CAT  \\$aWR13.144/5$c20140418$lBLL01$h0926
=CAT  \\$aW1711-1225$c20171203$lBLL01$h1020
=FIN  \\$aY$d2005-01-14
=DRT  \\$aVDEP
=STA  \\$aSUPPRESSED$bunable to determine reason for suppression
=LAS  \\$aW1711-1225$b00$c20171203$lBLL01$h1020

