=LDR  01619 am a2200457 a 4500
=001  013004466
=003  Uk
=005  20050127125920.0
=006  m\\\\|\\\d\|\\\\\\
=007  cr||||||||||||
=008  041001s2004\\\\enk\\\\\s\\\\\000\0\eng\\
=FMT  \\$a  BK
=015  \\$aGBA505672$2bnb
=020  \\$a1859352618 (pdf) :$cNo price
=040  \\$aUk$beng$cUk
=042  \\$aukblsr
=082  04$a343.0540941$222
=100  1\$aMuellbauer, John.
=245  10$aProperty and land, taxation and the economy after the Barker Review.$h[electronic resource] /$cJohn Muellbauer.
=260  \\$aYork :$bJoesph Rowntree Foundation,$c2004.
=336  \\$atext$2rdacontent
=337  \\$acomputer$2rdamedia
=338  \\$aonline resource$2rdacarrier
=538  \\$aMode of access: World Wide Web..
=538  \\$aSystem requirements: IBM compatible PC; Windows; Adobe Acrobat Reader.
=500  \\$aTitle from PDF title screen.
=516  \\$aIn PDF format.
=650  \0$aReal property and taxation$zGreat Britain.
=710  2\$aJoseph Rowntree Foundation.
=856  40$uhttp://www.jrf.org.uk/bookshop/eBooks/1859352618.pdf
=852  41$aBritish Library$bHMNTS$j318064$cDRT
=CAT  \\$a7750$b40$c20041001$lBLL01$h1034
=CAT  \\$a7332$b40$c20050126$lBLL01$h1344
=CAT  \\$a7332$b40$c20050127$lBLL01$h1259
=CAT  \\$aBATCH$b00$c20080505$lBLL01$h1319
=CAT  \\$aWR13.144/5$c20140418$lBLL01$h0926
=CAT  \\$aW1711-1225$c20171203$lBLL01$h1020
=FIN  \\$aY$d20050126
=DRT  \\$aVDEP
=STA  \\$aSUPPRESSED$bunable to determine reason for suppression
=LAS  \\$aW1711-1225$b00$c20171203$lBLL01$h1020

