=LDR  01765 am a2200481 a 4500
=001  013004486
=003  Uk
=005  20050127125737.0
=006  m\\\\|\\\d\|\\\\\\
=007  cr||||||||||||
=008  041001s2004\\\\enk\\\\\s\\\\\000\0\eng\\
=FMT  \\$a  BK
=015  \\$aGBA507908$2bnb
=020  \\$a1859352456 (pdf) :$cNo price
=020  \\$a1859352448 (pbk.) :$c£14.95
=040  \\$aUk$beng$cUk
=042  \\$aukblsr
=082  04$a305.260941$222
=245  00$aOlder people shaping policy and practice$h[electronic resource] /$cOlder People's Steering Group.
=260  \\$aYork :$bJoseph Rowntree Foundation,$c2004.
=336  \\$atext$2rdacontent
=337  \\$acomputer$2rdamedia
=338  \\$aonline resource$2rdacarrier
=538  \\$aMode of access: World Wide Web.
=538  \\$aSystem requirements: IBM compatible PC; Windows; Adobe Acrobat Reader.
=500  \\$aTitle from PDF title page.
=516  \\$aIn PDF format.
=530  \\$aAlso issued in print format.
=650  \0$aOlder people$xServices for$zGreat Britain.
=650  \0$aOlder people$xGovernment policy$zGreat Britain.
=710  2\$aJoseph Rowntree Foundation.$bOlder People's Programme.$bSteering Group.
=856  40$uhttp://www.jrf.org.uk/bookshop/eBooks/1859352456.pdf
=852  41$aBritish Library$bHMNTS$j318059$cDRT
=CAT  \\$a7750$b40$c20041001$lBLL01$h1044
=CAT  \\$a7332$b40$c20050126$lBLL01$h1418
=CAT  \\$a7332$b40$c20050127$lBLL01$h1257
=CAT  \\$aBATCH$b00$c20080505$lBLL01$h1319
=CAT  \\$aWR13.144/5$c20140418$lBLL01$h0926
=CAT  \\$aW1711-1225$c20171203$lBLL01$h1020
=FIN  \\$aY$d20050126
=DRT  \\$aVDEP
=STA  \\$aSUPPRESSED$bunable to determine reason for suppression
=LAS  \\$aW1711-1225$b00$c20171203$lBLL01$h1020

