=LDR  02427 am a2200637 a 4500
=001  013004503
=003  Uk
=005  20110329142216.0
=006  m\\\\|\\\d\|\\\\\\
=007  cr||||||||||||
=008  041001s2004\\\\stk\\\\\s\\\\o000\0\eng\\
=FMT  \\$a  BK
=015  \\$aGBA507919$2bnb
=020  \\$a0755937473 (print) :$c£5.00
=040  \\$aUk$beng$cUk
=042  \\$aukblsr
=082  04$a364.3809411$222
=100  1\$aMyers, Fiona.
=245  10$aOn the borderline?$h[electronic resource] :$bPeople with learning disabilities and / or autistic spectrum disorders in secure, forensic and other specialist settings /$cFiona Myers.
=260  \\$aEdinburgh :$bScottish Executive Social Research,$c2004.
=336  \\$atext$2rdacontent
=337  \\$acomputer$2rdamedia
=338  \\$aonline resource$2rdacarrier
=490  1\$aCentral Research Unit papers,$x0950-2254
=538  \\$aMode of access: World Wide Web.
=538  \\$aSystem requirements: IBM compatible PC; Windows; Adobe Acrobat Reader.
=500  \\$aTitle from PDF title page.
=516  \\$aIn PDF format.
=530  \\$aAlso issued in print format.
=650  \0$aPeople with mental disabilities$zScotland.
=690  7\$aSocial Welfare$2blcoll
=710  1\$aScotland.$bSocial Research.
=856  40$uhttp://www.scotland.gov.uk/library5/education/otb-00.asp
=856  40$uhttp://www.scotland.gov.uk/library5/education/otb.pdf
=830  \0$aCentral Research Unit papers,$x0950-2254
=852  41$aBritish Library$bHMNTS$j318063$cDRT
=CAT  \\$a7750$b40$c20041001$lBLL01$h1054
=CAT  \\$a7332$b40$c20050126$lBLL01$h1542
=CAT  \\$a7332$b40$c20050127$lBLL01$h1117
=CAT  \\$a7332$b40$c20050127$lBLL01$h1253
=CAT  \\$aUE-01$b00$c20060117$lBLL01$h1509
=CAT  \\$aUE-01$b00$c20060203$lBLL01$h1209
=CAT  \\$aBATCH-UPD$b00$c20070912$lBLL01$h2021
=CAT  \\$aBATCH$b00$c20080505$lBLL01$h1319
=CAT  \\$aBATCH$b00$c20091217$lBLL01$h0329
=CAT  \\$aWR10_184$c20101208$lBLL01$h1635
=CAT  \\$a11279$b40$c20110329$lBLL01$h1422
=CAT  \\$aBATCH$b00$c20110625$lBLL01$h0510
=CAT  \\$aBATCH-SWP4$c20110627$lBLL01$h1552
=CAT  \\$aWR12-140$c20121030$lBLL01$h1048
=CAT  \\$aWR13.144/5$c20140418$lBLL01$h0926
=CAT  \\$aBATCH-UPD$b00$c20180718$lBLL01$h1705
=FIN  \\$aY$d20050126
=DRT  \\$aVDEP
=STA  \\$aSUPPRESSED$bWR10_184
=LAS  \\$aBATCH-UPD$b00$c20180718$lBLL01$h1705

