=LDR  02241 am a2200589 a 4500
=001  013004535
=003  Uk
=005  20050127125455.0
=006  m\\\\|\\\d\|\\\\\\
=007  cr||||||||||||
=008  041001s2004\\\\stk\\\\\s\\\\o000\0\eng\\
=FMT  \\$a  BK
=015  \\$aGBA507946$2bnb
=020  \\$a0755937287 (print) :$c£5.00
=040  \\$aUk$beng$cUk
=042  \\$aukblsr
=082  04$a362.109411$222
=245  00$aReview of the implementation of part 5 of the Adults with Incapacity (Scotland) Act 2000$h[electronic resource]$ba qualitative study of implementation and early operation /$cShirley Davidson ... [et al.].
=260  \\$aEdinburgh :$bScottish Executive Social Research,$c2004.
=336  \\$atext$2rdacontent
=337  \\$acomputer$2rdamedia
=338  \\$aonline resource$2rdacarrier
=490  1\$aCentral Research Unit papers,$x0950-2254
=538  \\$aMode of access: World Wide Web.
=538  \\$aSystem requirements: IBM compatible PC; Windows; Adobe Acrobat Reader.
=500  \\$aTitle from PDF title page.
=516  \\$aIn PDF format.
=530  \\$aAlso issued in print format.
=690  7\$aSocial Welfare$2blcoll
=700  1\$aDavidson, Shirley.
=710  1\$aScotland.$bSocial Research
=856  40$uhttp://www.scotland.gov.uk/cru/resfinds/hcc38-00.asp
=856  40$uhttp://www.scotland.gov.uk/library5/social/p5awia.pdf
=830  \0$aCentral Research Unit papers,$x0950-2254
=852  41$aBritish Library$bHMNTS$j318061$cDRT
=CAT  \\$a7750$b40$c20041001$lBLL01$h1108
=CAT  \\$a7332$b40$c20050127$lBLL01$h0922
=CAT  \\$a7332$b40$c20050127$lBLL01$h1254
=CAT  \\$aUE-01$b00$c20060117$lBLL01$h1510
=CAT  \\$aUE-01$b00$c20060203$lBLL01$h1209
=CAT  \\$aBATCH-UPD$b00$c20070912$lBLL01$h2021
=CAT  \\$aBATCH$b00$c20080505$lBLL01$h1319
=CAT  \\$aBATCH$b00$c20091217$lBLL01$h0329
=CAT  \\$aWR10_184$c20101208$lBLL01$h1635
=CAT  \\$aBATCH$b00$c20110625$lBLL01$h0510
=CAT  \\$aBATCH-SWP4$c20110627$lBLL01$h1552
=CAT  \\$aWR12-140$c20121030$lBLL01$h1048
=CAT  \\$aWR13.144/5$c20140418$lBLL01$h0926
=FIN  \\$aY$d20050127
=DRT  \\$aVDEP
=STA  \\$aSUPPRESSED$bWR10_184
=LAS  \\$aWR13.144/5$b00$c20140418$lBLL01$h0926

