=LDR  02145 am a2200601 a 4500
=001  013004546
=003  Uk
=005  20050127125421.0
=006  m\\\\|\\\d\|\\\\\\
=007  cr||||||||||||
=008  041001s2004\\\\stk\\\\\s\\\\o000\0\eng\\
=FMT  \\$a  BK
=015  \\$aGBA507961$2bnb
=020  \\$a0755937880 (print) :$c£5.00
=040  \\$aUk$beng$cUk
=042  \\$aukblsr
=082  04$a615.1409411$222
=100  1\$aHarris, Jane$c(Lecturer)
=245  10$aResearch literature review on prescribing$h[electronic resource] /$cJane Harris and Julie Taylor, and Clare Mackie.
=260  \\$aEdinburgh :$bScottish executive,$c2004.
=336  \\$atext$2rdacontent
=337  \\$acomputer$2rdamedia
=338  \\$aonline resource$2rdacarrier
=490  1\$aCentral Research Unit papers$x0950-2254
=538  \\$aMode of access: World Wide Web.
=538  \\$aSystem requirements: IBM compatible PC; Windows; Adobe Acrobat Reader.
=500  \\$aTitle from PDF title page.
=516  \\$aIn PDF format.
=530  \\$aAlso issued in print format.
=650  \0$aDrugs$xPrescribing$zScotland.
=700  1\$aTaylor, Julie,$d1961-
=700  1\$aMackie, Clare.
=710  1\$aScotland.$bSocial Research.
=856  40$uhttp://www.scotland.gov.uk/library5/health/rlrop.pdf
=830  \0$aCentral Research Unit papers$x0950-2254.
=852  41$aBritish Library$bHMNTS$j318060$cDRT
=CAT  \\$a7750$b40$c20041001$lBLL01$h1112
=CAT  \\$a7332$b40$c20050127$lBLL01$h1046
=CAT  \\$a7332$b40$c20050127$lBLL01$h1254
=CAT  \\$aUE-01$b00$c20060117$lBLL01$h1510
=CAT  \\$aUE-01$b00$c20060203$lBLL01$h1209
=CAT  \\$aBATCH-UPD$b00$c20070912$lBLL01$h2021
=CAT  \\$aBATCH$b00$c20080505$lBLL01$h1319
=CAT  \\$aBATCH$b00$c20091217$lBLL01$h0329
=CAT  \\$aWR10_184$c20101208$lBLL01$h1635
=CAT  \\$aWR12-140$c20121030$lBLL01$h1048
=CAT  \\$aWR13.144/5$c20140418$lBLL01$h0926
=CAT  \\$aBATCH-UPD$b00$c20151211$lBLL01$h2037
=CAT  \\$a7416$b40$c20170630$lBLL01$h1540
=FIN  \\$aY$d20050127
=DRT  \\$aVDEP
=STA  \\$aSUPPRESSED$bWR10_184
=LAS  \\$a7416$b40$c20170630$lBLL01$h1540

