=LDR  02127 am a2200553 a 4500
=001  013004573
=003  Uk
=005  20050216105318.0
=006  m\\\\|\\\d\|\\\\\\
=007  cr||||||||||||
=008  041001s2004\\\\enk\\\\\s\\\\o000\0\eng\\
=FMT  \\$a  BK
=015  \\$aGBA508297$2bnb
=020  \\$cNo price
=040  \\$aUk$beng$cUk
=042  \\$aukblsr
=082  04$a307.1216$222
=245  00$aCity centre living strategy$h[electronic resource] :$bsupplementary planning guidance.
=260  \\$aSheffield :$bSheffield City Council. Development, Environment and Leisure Development Services,$c2004.
=336  \\$atext$2rdacontent
=337  \\$acomputer$2rdamedia
=338  \\$aonline resource$2rdacarrier
=538  \\$aMode of access: World Wide Web.
=538  \\$aSystem requirements: IBM compatible PC; Windows; Word for Windows.
=500  \\$aTitle from title screen.
=516  \\$aIn Word for Windows format.
=650  \0$aCity planning$zEngland$zSheffield.
=650  \0$aSustainable development$zEngland$zSheffield.
=690  7\$aSocial Welfare$2blcoll
=710  1\$aSheffield (England).$bDevelopment, Environment and Leisure Development Services
=856  40$uhttp://www.sheffield.gov.uk/in-your-area/planning-and-city-development/planning-documents/spg/city-centre-living-strategy-spg
=852  41$aBritish Library$bHMNTS$cDRT$j318055
=CAT  \\$a7750$b40$c20041001$lBLL01$h1123
=CAT  \\$a7332$b40$c20050201$lBLL01$h1642
=CAT  \\$a7332$b40$c20050203$lBLL01$h1037
=CAT  \\$a7332$b40$c20050215$lBLL01$h1528
=CAT  \\$a5194$b40$c20050216$lBLL01$h1053
=CAT  \\$aUE-01$b00$c20050216$lBLL01$h1802
=CAT  \\$aBATCH-UPD$b00$c20070912$lBLL01$h2021
=CAT  \\$aBATCH$b00$c20080505$lBLL01$h1319
=CAT  \\$aWR10_184$c20101208$lBLL01$h1635
=CAT  \\$aBATCH$b00$c20110625$lBLL01$h0510
=CAT  \\$aBATCH-SWP4$c20110627$lBLL01$h1552
=CAT  \\$aWR12-140$c20121030$lBLL01$h1048
=CAT  \\$aWR13.144/5$c20140418$lBLL01$h0926
=FIN  \\$aY$d20050201
=DRT  \\$aVDEP
=STA  \\$aSUPPRESSED$bWR10_184
=LAS  \\$aWR13.144/5$b00$c20140418$lBLL01$h0926

