=LDR  02099 am a2200565 a 4500
=001  013004588
=003  Uk
=005  20060227140556.0
=006  m\\\\|\\\d\|\\\\\\
=007  cr|bn\|||a||||
=008  041001s2004\\\\enk\\\\\s\\\\\000\0\eng\\
=FMT  \\$a  BK
=015  \\$aGBA505883$2bnb
=020  \\$cNo price
=040  \\$aUk$beng$cUk
=042  \\$aukblsr
=082  04$a388.0942821$222
=100  1\$aYoung, David.
=245  10$aGuidelines for the preparation of transport assessments & travel plans$h[electronic resource] /$c[prepared by David Young].
=260  \\$aSheffield :$bSheffield City Council,$c2004, c2001.
=336  \\$atext$2rdacontent
=337  \\$acomputer$2rdamedia
=338  \\$aonline resource$2rdacarrier
=538  \\$aMode of access: World Wide Web.
=538  \\$aSystem requirements: IBM compatible PC; Windows.
=500  \\$aTitle from title screen.
=500  \\$aIn Word for Windows format.
=500  \\$aIncludes addendum, Officer guidance on the preparation of travel plans.
=650  \0$aTransportation$zEngland$zSheffield$xPlanning.
=710  1\$aSheffield (England).$bCity Council.
=856  40$uhttp://www.sheffield.gov.uk/in-your-area/planning-and-city-development/planning-documents/spg
=852  41$aBritish Library$bHMNTS$j318057$cDRT
=CAT  \\$a7750$b40$c20041001$lBLL01$h1130
=CAT  \\$a7332$b40$c20050124$lBLL01$h1425
=CAT  \\$a7332$b40$c20050131$lBLL01$h0853
=CAT  \\$a7332$b40$c20050404$lBLL01$h1525
=CAT  \\$a7332$b40$c20050404$lBLL01$h1618
=CAT  \\$a7332$b40$c20050701$lBLL01$h1234
=CAT  \\$a7332$b40$c20050701$lBLL01$h1235
=CAT  \\$a11278$b40$c20060227$lBLL01$h1405
=CAT  \\$aBATCH-UPD$b40$c20070912$lBLL01$h2021
=CAT  \\$aBATCH$b00$c20080505$lBLL01$h1319
=CAT  \\$aWR10_184$c20101208$lBLL01$h1635
=CAT  \\$aWR12-140$c20121030$lBLL01$h1048
=CAT  \\$aWR13.144/5$c20140418$lBLL01$h0926
=CAT  \\$aBATCH-UPD$b00$c20141222$lBLL01$h0756
=FIN  \\$aY$d20050404
=DRT  \\$aVDEP
=STA  \\$aSUPPRESSED$bWR10_184
=LAS  \\$aBATCH-UPD$b00$c20141222$lBLL01$h0756

