=LDR  01914 am a2200517 a 4500
=001  013009177
=003  Uk
=005  20050203083019.0
=006  m\\\\|\\\d\|\\\\\\
=007  cr|||\|||a||||
=008  041007s2004\\\\enk||||\s||||\00|\0\eng\\
=FMT  \\$a  BK
=015  \\$aGBA503496$2bnb
=020  \\$a1859351379 (online) :$cNo price
=020  \\$a1859351360 (pbk.)$c£15.95
=040  \\$aUk$beng$cUk
=042  \\$aukblsr
=082  04$a362.7086942$222
=100  1\$aDickens, Sarah.
=245  10$aNew approaches to youth homelessness prevention$h[electronic resource] :$ba qualitative evaluation of the Safe in the City cluster schemes /$cSarah Dickens and Kandy Woodfield.
=260  \\$aYork :$bJoseph Rowntree Foundation,$c2004.
=336  \\$atext$2rdacontent
=337  \\$acomputer$2rdamedia
=338  \\$aonline resource$2rdacarrier
=538  \\$aMode of access: World Wide Web.
=538  \\$aSystem requirements: IBM compatible PC; Windows; Adobe Acrobat Reader.
=500  \\$aTitle from PDF title screen.
=516  \\$aPDF format.
=530  \\$aAlso issued in print format.
=650  \0$aHomelessness$zGreat Britain$xPrevention.
=650  \0$aHomeless youth$xServices for$zGreat Britain.
=700  1\$aWoodfield, Kandy.
=856  40$uhttp://www.jrf.org.uk/bookshop/eBooks/1859351379.pdf
=852  41$aBritish Library$bHMNTS$j314311$cDRT
=CAT  \\$a7750$b40$c20041007$lBLL01$h1638
=CAT  \\$a7750$b40$c20041007$lBLL01$h1643
=CAT  \\$a8141$b40$c20050114$lBLL01$h0850
=CAT  \\$a8141$b40$c20050114$lBLL01$h0905
=CAT  \\$a5194$b40$c20050203$lBLL01$h0830
=CAT  \\$aBATCH$b00$c20080505$lBLL01$h1319
=CAT  \\$aWR13.144/5$c20140418$lBLL01$h0926
=CAT  \\$aW1711-1225$c20171203$lBLL01$h1020
=FIN  \\$aY$d20050203
=DRT  \\$aVDEP
=STA  \\$aSUPPRESSED$bunable to determine reason for suppression
=LAS  \\$aW1711-1225$b00$c20171203$lBLL01$h1020

