=LDR  01752 am a2200505 a 4500
=001  013010168
=003  Uk
=005  20050207085422.0
=006  m\\\\|\\\d\|\\\\\\
=007  cr||||||||||||
=008  041010s2004\\\\enk||||\s\\\\\00|\0\eng\\
=FMT  \\$a  BK
=015  \\$aGBA510327$2bnb
=020  \\$a190015806X :$cNo price
=040  \\$aUk$beng$cUk
=042  \\$aukblsr
=082  04$a658.406$222
=100  1\$aLockitt, W. G.$q(William George)
=245  10$aChange management$h[electronic resource].
=260  \\$aCheadle :$b3T Productions Ltd.,$c2004.
=336  \\$atext$2rdacontent
=337  \\$acomputer$2rdamedia
=338  \\$aonline resource$2rdacarrier
=538  \\$aMode of access: Internet.
=538  \\$aSystem requirements: IBM compatible PC; Windows; Adobe Acrobat Reader.
=500  \\$aTitle from PDF title page.
=500  \\$aAuthor: Bill Lockitt.
=530  \\$aPDF format.
=650  \0$aOrganizational change$xManagement.
=690  7\$aManagement and Business Studies$2blcoll
=856  40$uhttp://ferl.becta.org.uk/content_files/resources/organisations/3T%20Productions/CHANGE%20MANAGEMENT%20ISBN.pdf
=852  41$aBritish Library$bHMNTS$j314306$cDRT
=CAT  \\$a7750$b40$c20041010$lBLL01$h1014
=CAT  \\$a8141$b40$c20050204$lBLL01$h1439
=CAT  \\$a8141$b40$c20050207$lBLL01$h0854
=CAT  \\$aBATCH-UPD$b40$c20070912$lBLL01$h2021
=CAT  \\$aBATCH$b00$c20080505$lBLL01$h1319
=CAT  \\$aBATCH$b00$c20090611$lBLL01$h1712
=CAT  \\$aWR10_184$c20101208$lBLL01$h1635
=CAT  \\$aWR12-140$c20121030$lBLL01$h1048
=CAT  \\$aWR13.144/5$c20140418$lBLL01$h0926
=FIN  \\$aY$d20050204
=DRT  \\$aVDEP
=STA  \\$aSUPPRESSED$bWR10_184
=LAS  \\$aWR13.144/5$b00$c20140418$lBLL01$h0926

