=LDR  01912 am a2200505 a 4500
=001  013014736
=003  Uk
=005  20050224160329.0
=006  m\\\\|\\\d\|\\\\\\
=007  cr||||||||||||
=008  041014s2004\\\\enk\\\\\s\\\\o000\0\eng\\
=FMT  \\$a  BK
=015  \\$aGBA510515$2bnb
=040  \\$aUk$beng$cUk
=042  \\$aukblsr
=082  04$a304.6-9421$222
=100  1\$aHollis, John.
=245  10$aONS mid-year population estimates: 2001, 2002 (revised) and 2003$h[electronic resource] /$cJohn Hollis and Georgia Hay.
=260  \\$aLondon :$bGreater London Authority. Data Management and Analysis Group,$c2004.
=336  \\$atext$2rdacontent
=337  \\$acomputer$2rdamedia
=338  \\$aonline resource$2rdacarrier
=490  1\$aDMAG briefing,$x1479-7879 ;$v2004/20
=538  \\$aMode of access: World Wide Web.
=538  \\$aSystem requirements: IBM compatible PC; Windows; Adobe Acrobat Reader.
=500  \\$aTitle from PDF title screen.
=516  \\$aIn PDF format.
=530  \\$aAlso issued in print format.
=650  \0$aPopulation forecasting$zEngland$zLondon.
=700  1\$aHay, Georgia.
=710  2\$aGreater London Authority.$bData Management and Analysis Group.
=856  40$uhttp://www.lho.org.uk/DataAndMethods/Census/Attachments/PDF_Files/dmagbriefing2004-20.pdf
=830  \0$aDMAG briefing,$x1479-7879 ;$v2004/20
=852  41$aBritish Library$bHMNTS$j314312$cDRT
=CAT  \\$a7750$b40$c20041014$lBLL01$h1425
=CAT  \\$a7332$b40$c20050207$lBLL01$h1400
=CAT  \\$a7332$b40$c20050224$lBLL01$h1603
=CAT  \\$aBATCH$b00$c20080505$lBLL01$h1319
=CAT  \\$aBATCH$b00$c20091217$lBLL01$h0330
=CAT  \\$aWR13.144/5$c20140418$lBLL01$h0926
=CAT  \\$aW1711-1225$c20171203$lBLL01$h1020
=FIN  \\$aY$d20050207
=DRT  \\$aVDEP
=STA  \\$aSUPPRESSED$bunable to determine reason for suppression
=LAS  \\$aW1711-1225$b00$c20171203$lBLL01$h1020

