=LDR  02165 am a2200565 a 4500
=001  013026757
=003  Uk
=005  20050202164436.0
=006  m\\\\|\\\d\|\\\\\\
=007  cr|||\|||a||||
=008  041101s2004\\\\enk||||\s||||\00|\0\eng\\
=FMT  \\$a  BK
=015  \\$aGBA503471$2bnb
=020  \\$a1859351840 (online) :$cNo price
=020  \\$a1859351832 (pbk.)$c£16.95
=040  \\$aUk$beng$cUk
=042  \\$aukblsr
=082  04$a362.70830942$222
=245  00$aDoes communities that care work?$h[electronic resource] :$ban evaluation of a community-based risk prevention programme in three neighbourhoods /$cIain Crow ... [et al.].
=260  \\$aYork :$bJoseph Rowntree Foundation,$c2004.
=336  \\$atext$2rdacontent
=337  \\$acomputer$2rdamedia
=338  \\$aonline resource$2rdacarrier
=538  \\$aMode of access: World Wide Web.
=538  \\$aSystem requirements: IBM compatible PC; Windows; Adobe Acrobat Reader.
=500  \\$aTitle from PDF title screen.
=516  \\$aPDF format
=530  \\$aAlso issued in print format.
=610  20$aCommunities that Care (Program)
=650  \0$aCommunity development$zEngland$xEvaluation.
=650  \0$aTeenagers$xServices for$zEngland$xEvaluation.
=650  \0$aSocial work with teenagers$zEngland$xEvaluation.
=650  \0$aChildren$xServices for$zEngland$xEvaluation.
=650  \0$aSocial work with children$zEngland$xEvaluation.
=650  \0$aFamily social work$zEngland$xEvaluation.
=700  1\$aCrow, Iain.
=710  2\$aJoseph Rowntree Foundation.
=856  40$uhttp://www.jrf.org.uk/bookshop/eBooks/1859351840.pdf
=852  41$aBritish Library$bHMNTS$j315374$cDRT
=CAT  \\$a6524$b40$c20041101$lBLL01$h1117
=CAT  \\$a8141$b40$c20050113$lBLL01$h1424
=CAT  \\$a8141$b40$c20050114$lBLL01$h0914
=CAT  \\$a5194$b40$c20050202$lBLL01$h1644
=CAT  \\$aBATCH$b00$c20080505$lBLL01$h1319
=CAT  \\$aWR13.144/5$c20140418$lBLL01$h0926
=CAT  \\$aW1711-1225$c20171203$lBLL01$h1020
=FIN  \\$aY$d20050202
=DRT  \\$aVDEP
=STA  \\$aSUPPRESSED$bunable to determine reason for suppression
=LAS  \\$aW1711-1225$b00$c20171203$lBLL01$h1020

