=LDR  02191 am a2200577 a 4500
=001  013026997
=003  Uk
=005  20050324094833.0
=006  m\\\\|\\\d\|\\\\\\
=007  cr||||||||||||
=008  041101s2004\\\\enk||||\s||||o00|\0\eng\\
=FMT  \\$a  BK
=015  \\$aGBA508251$2bnb
=040  \\$aUk$beng$cUk
=042  \\$aukblsr
=082  04$a381.45384550941$222
=100  1\$aKlein, Jeremy.
=245  10$aAttitudes to television$h[electronic resource] :$bpreliminary findings on consumer adoption of digital television /$cprepared for the Digital Television Project by Jeremy Klein, Simon Karger, Kay Sinclair.
=260  \\$aLondon :$bDTI in association with the Generics Group,$c2004.
=336  \\$atext$2rdacontent
=337  \\$acomputer$2rdamedia
=338  \\$aonline resource$2rdacarrier
=538  \\$aMode of access: World Wide Web.
=538  \\$aSystem requirements: IBM compatible PC; Windows; Adobe Acrobat Reader.
=500  \\$aTitle from PDF title page.
=516  \\$aPDF format.
=500  \\$a[Publisher's no.: URN 03/1627]
=650  \0$aDigital television$zGreat Britain.
=650  \0$aConsumers$xAttitudes.
=650  \0$aDigital television$xGovernment policy$zGreat Britain.
=690  7\$aManagement and Business Studies$2blcoll
=700  1\$aKarger, Simon.
=700  1\$aSinclair, Kay.
=710  2\$aGenerics Group.
=856  40$uhttp://www.digitaltelevision.gov.uk/pdf_documents/publications/Attitudes_to_Digital_Television.pdf
=852  41$aBritish Library$bHMNTS$j315371$cDRT
=CAT  \\$a10902$b40$c20041101$lBLL01$h1353
=CAT  \\$a8141$b40$c20050201$lBLL01$h1225
=CAT  \\$a8141$b40$c20050201$lBLL01$h1227
=CAT  \\$a5194$b40$c20050204$lBLL01$h0845
=CAT  \\$a8141$b40$c20050324$lBLL01$h0948
=CAT  \\$aBATCH-UPD$b40$c20070912$lBLL01$h2021
=CAT  \\$aBATCH$b00$c20080505$lBLL01$h1319
=CAT  \\$aBATCH$b00$c20090611$lBLL01$h1713
=CAT  \\$aWR10_184$c20101208$lBLL01$h1635
=CAT  \\$aWR12-140$c20121030$lBLL01$h1048
=CAT  \\$aWR13.144/5$c20140418$lBLL01$h0926
=FIN  \\$aY$d20050201
=DRT  \\$aVDEP
=STA  \\$aSUPPRESSED$bWR10_184
=LAS  \\$aWR13.144/5$b00$c20140418$lBLL01$h0926

