=LDR  02152 am a2200553 a 4500
=001  013027031
=003  Uk
=005  20050324095224.0
=006  m\\\\|\\\d\|\\\\\\
=007  cr||||||||||||
=008  041101s2004\\\\enk||||\s||||o00|\0\eng\\
=FMT  \\$a  BK
=015  \\$aGBA512517$2bnb
=040  \\$aUk$beng$cUk
=042  \\$aukblsr
=082  04$a343.410926$222
=245  00$aChanges to licence fee arrangements for funding code modification appeals and licence modification references$h[electronic resource] :$ba joint Ofgem/DTI consultation.
=260  \\$aLondon :$bDepartment of Trade and Industry,$c2004.
=336  \\$atext$2rdacontent
=337  \\$acomputer$2rdamedia
=338  \\$aonline resource$2rdacarrier
=500  \\$aMode of access: World Wide Web.
=516  \\$aSystem requirements: IBM compatible PC; Windows; Adobe Acrobat Reader.
=520  \\$aTitle from PDF cover title.
=530  \\$aPDF format.
=500  \\$a[Publisher's no.: URN 04/1661]
=650  \0$aElectric industries$xLicenses$xFees$zGreat Britain.
=650  \0$aElectric industries$xLicenses$zGreat Britain.
=650  \0$aGas industry$xLicenses$xFees$zGreat Britain.
=650  \0$aGas industry$xLicenses$zGreat Britain.
=710  1\$aGreat Britain.$bDepartment of Trade and Industry.
=710  1\$aGreat Britain.$bOffice of Gas and Electricity Markets.
=856  40$uhttp://www.dti.gov.uk/energy/consultations/appeals_licence_mod.pdf
=852  41$aBritish Library$bHMNTS$j315372$cDRT
=985  \\$aRecord amended for WR# 13/070
=CAT  \\$a10902$b40$c20041101$lBLL01$h1408
=CAT  \\$a10902$b40$c20041101$lBLL01$h1409
=CAT  \\$a8141$b40$c20050209$lBLL01$h1245
=CAT  \\$a8141$b40$c20050324$lBLL01$h0952
=CAT  \\$aBATCH-UPD$b40$c20070912$lBLL01$h2021
=CAT  \\$aBATCH$b00$c20080505$lBLL01$h1319
=CAT  \\$aWR10_184$c20101208$lBLL01$h1635
=CAT  \\$aWR12-140$c20121030$lBLL01$h1048
=CAT  \\$aWR13_070$b00$c20130504$lBLL01$h0235
=CAT  \\$aWR13.144/5$c20140418$lBLL01$h0926
=FIN  \\$aY$d20050209
=DRT  \\$aVDEP
=STA  \\$aSUPPRESSED$bWR10_184
=LAS  \\$aWR13.144/5$b00$c20140418$lBLL01$h0926

