=LDR  02179 am a2200541 a 4500
=001  013027071
=003  Uk
=005  20050324095930.0
=006  m\\\\|\\\d\|\\\\\\
=007  cr||||||||||||
=008  041101s2004\\\\enk||||\s||||o00|\0\eng\\
=FMT  \\$a  BK
=015  \\$aGBA512599$2bnb
=040  \\$aUk$beng$cUk
=042  \\$aukblsr
=082  04$a343.4108556436$222
=245  00$aDraft guidance for business : the supply of extended warranties on domestic electrical goods order.$h[electronic resource] :$bdraft guidance by the Department of Trade and Industry on the draft legislation to implement the remedies recommended in the 2003 Competition Commission report on the supply of extended warranties on domestic electrical goods.
=260  \\$a[London] :$bDTI,$c2004.
=336  \\$atext$2rdacontent
=337  \\$acomputer$2rdamedia
=338  \\$aonline resource$2rdacarrier
=538  \\$aMode of access: World Wide Web.
=538  \\$aSystem requirements: IBM compatible PC; Windows; Adobe Acrobat Reader.
=500  \\$aTitle from p.1 of PDF file.
=516  \\$aPDF format.
=500  \\$a[Publisher's no.: URN 04/1720]
=500  \\$aPublished Sept. 2004.
=650  \0$aHousehold appliances, Electric$zGreat Britain.
=650  \0$aProducts liability$zGreat Britain.
=650  \0$aWarranty$zGreat Britain.
=710  1\$aGreat Britain.$bDepartment of Trade and Industry.
=856  4\$uhttp://www.dti.gov.uk/ccp/topics2/pdf2/draftguidance.pdf
=852  41$aBritish Library$bHMNTS$j315375$cDRT
=985  \\$aRecord amended for WR# 13/070
=CAT  \\$a10902$b40$c20041101$lBLL01$h1426
=CAT  \\$a8141$b40$c20050210$lBLL01$h1452
=CAT  \\$a8141$b40$c20050210$lBLL01$h1458
=CAT  \\$a8141$b40$c20050324$lBLL01$h0959
=CAT  \\$aBATCH-UPD$b40$c20070912$lBLL01$h2021
=CAT  \\$aBATCH$b00$c20080505$lBLL01$h1319
=CAT  \\$aWR10_184$c20101208$lBLL01$h1635
=CAT  \\$aWR12-140$c20121030$lBLL01$h1048
=CAT  \\$aWR13_070$b00$c20130504$lBLL01$h0235
=CAT  \\$aWR13.144/5$c20140418$lBLL01$h0927
=FIN  \\$aY$d20050210
=DRT  \\$aVDEP
=STA  \\$aSUPPRESSED$bWR10_184
=LAS  \\$aWR13.144/5$b00$c20140418$lBLL01$h0927

