=LDR  02161 am a2200565 a 4500
=001  013027079
=003  Uk
=005  20050324100650.0
=006  m\\\\|\\\d\|\\\\\\
=007  cr||||||||||||
=008  041101s2004\\\\enk||||\s||||o00|\0\eng\\
=FMT  \\$a  BK
=015  \\$aGBA508216$2bnb
=040  \\$aUk$beng$cUk
=042  \\$aukblsr
=082  04$a621.381071$222
=245  00$aEiS final evaluation report$h[electronic resource] :$bevaluation of the promotion of Electronics in Schools regional pilot : final report of the evaluation /$cPatricia Murphy ... [et al.].
=260  \\$a[London] :$bDepartment of Trade and Industry and the Open University,$c2004.
=336  \\$atext$2rdacontent
=337  \\$acomputer$2rdamedia
=338  \\$aonline resource$2rdacarrier
=538  \\$aMode of access: World Wide Web.
=538  \\$aSystem requirements: IBM compatible PC; Windows; Adobe Acrobat Reader.
=500  \\$aTitle from p.1 of PDF file.
=516  \\$aPDF format.
=500  \\$a[Publisher's no.: URN 04/1602]
=650  \0$aCurriculum evaluation.
=650  \0$aElectronics$xStudy and teaching$zGreat Britain.
=700  1\$aMurphy, Patricia,$d1952-
=710  1\$aGreat Britain.$bDepartment of Trade and Industry.
=710  2\$aOpen University.
=856  40$uhttp://www.magiccms.co.uk/electronicsinschools/uploads/pdf/asset_298.pdf
=852  41$aBritish Library$bHMNTS$cDRT$j315376
=985  \\$aRecord amended for WR# 13/070
=CAT  \\$a10902$b40$c20041101$lBLL01$h1431
=CAT  \\$a8141$b40$c20050131$lBLL01$h1619
=CAT  \\$a8141$b40$c20050131$lBLL01$h1622
=CAT  \\$a8141$b40$c20050201$lBLL01$h0958
=CAT  \\$aUE-01$b00$c20050207$lBLL01$h1709
=CAT  \\$a8141$b40$c20050324$lBLL01$h1006
=CAT  \\$aBATCH-UPD$b40$c20070912$lBLL01$h2021
=CAT  \\$aBATCH$b00$c20080505$lBLL01$h1319
=CAT  \\$aWR10_184$c20101208$lBLL01$h1635
=CAT  \\$aWR12-140$c20121030$lBLL01$h1048
=CAT  \\$aWR13_070$b00$c20130504$lBLL01$h0235
=CAT  \\$aWR13.144/5$c20140418$lBLL01$h0927
=FIN  \\$aY$d20050131
=DRT  \\$aVDEP
=STA  \\$aSUPPRESSED$bWR10_184
=LAS  \\$aWR13.144/5$b00$c20140418$lBLL01$h0927

