=LDR  01888 am a2200517 a 4500
=001  013027108
=003  Uk
=005  20050324101244.0
=006  m\\\\|\\\d\|\\\\\\
=007  cr||||||||||||
=008  041101s2004\\\\enk||||\s||||o00|\0\eng\\
=FMT  \\$a  BK
=015  \\$aGBA512609$2bnb
=040  \\$aUk$beng$cUk
=042  \\$aukblsr
=082  04$a346.4104679$222
=245  00$aEnergy bill$h[electronic resource] :$bregulatory impact assessment.
=260  \\$aLondon :$bDepartment of Trade and Industry,$c2003.
=336  \\$atext$2rdacontent
=337  \\$acomputer$2rdamedia
=338  \\$aonline resource$2rdacarrier
=538  \\$aMode of access: World Wide Web.
=538  \\$aSystem requirements: IBM compatible PC; Windows; Adobe Acrobat Reader.
=500  \\$aTitle from p.1 of PDF file.
=516  \\$aPDF format.
=500  \\$a[Publisher's no.: URN 03/1098]
=650  \0$aElectric utilities$xGovernment policy$zGreat Britain.
=650  \0$aNuclear industry$xGovernment policy$zGreat Britain.
=650  \0$aRenewable energy sources$xGovernment policy$zGreat Britain.
=710  1\$aGreat Britain.$bDepartment of Trade and Industry.
=856  40$uhttp://www.dti.gov.uk/energy/leg_and_reg/acts/ria.pdf
=852  41$aBritish Library$bHMNTS$j315379$cDRT
=985  \\$aRecord amended for WR# 13/070
=CAT  \\$a10902$b40$c20041101$lBLL01$h1446
=CAT  \\$a8141$b40$c20050210$lBLL01$h1559
=CAT  \\$a8141$b40$c20050324$lBLL01$h1012
=CAT  \\$aBATCH-UPD$b40$c20070912$lBLL01$h2021
=CAT  \\$aBATCH$b00$c20080505$lBLL01$h1319
=CAT  \\$aWR10_184$c20101208$lBLL01$h1635
=CAT  \\$aWR12-140$c20121030$lBLL01$h1048
=CAT  \\$aWR13_070$b00$c20130504$lBLL01$h0235
=CAT  \\$aWR13.144/5$c20140418$lBLL01$h0927
=FIN  \\$aY$d20050210
=DRT  \\$aVDEP
=STA  \\$aSUPPRESSED$bWR10_184
=LAS  \\$aWR13.144/5$b00$c20140418$lBLL01$h0927

