=LDR  01884 am a2200505 a 4500
=001  013027179
=003  Uk
=005  20050211105353.0
=006  m\\\\|\\\d\|\\\\\\
=007  cr||||||||||||
=008  041101s2004\\\\enk||||\s||||o00|\0\eng\\
=FMT  \\$a  BK
=015  \\$aGBA512639$2bnb
=040  \\$aUk$beng$cUk
=042  \\$aukblsr
=082  04$a346.41063$222
=245  00$aFinal regulatory impact assessment on the modernisation directive for companies and building societies$h[electronic resource].
=260  \\$a[London :$bDepartment of Trade and Industry,$c2004].
=336  \\$atext$2rdacontent
=337  \\$acomputer$2rdamedia
=338  \\$aonline resource$2rdacarrier
=538  \\$aMode of access: World Wide Web.
=538  \\$aSystem requirements: IBM compatible PC; Windows; Microsoft Word.
=500  \\$aTitle from p.1 of Word file.
=516  \\$aWord for Windows format.
=500  \\$aPublisher's no.: URN 04/1667.
=650  \0$aAccounting$xLaw and legislation$zEuropean Union countries.
=650  \0$aAccounting$xLaw and legislation$zGreat Britain.
=710  1\$aGreat Britain.$bDepartment of Trade and Industry.
=856  40$uhttp://www.dti.gov.uk/cld/Modernisation_Directive_RIA.doc
=852  41$aBritish Library$bHMNTS$j315382$cDRT
=985  \\$aRecord amended for WR# 13/070
=CAT  \\$a10902$b40$c20041101$lBLL01$h1537
=CAT  \\$a10902$b40$c20041101$lBLL01$h1538
=CAT  \\$a8141$b40$c20050211$lBLL01$h1053
=CAT  \\$aBATCH-UPD$b40$c20070912$lBLL01$h2021
=CAT  \\$aBATCH$b00$c20080505$lBLL01$h1319
=CAT  \\$aWR10_184$c20101208$lBLL01$h1635
=CAT  \\$aWR12-140$c20121030$lBLL01$h1048
=CAT  \\$aWR13_070$b00$c20130504$lBLL01$h0235
=CAT  \\$aWR13.144/5$c20140418$lBLL01$h0927
=FIN  \\$aY$d20050211
=DRT  \\$aVDEP
=STA  \\$aSUPPRESSED$bWR10_184
=LAS  \\$aWR13.144/5$b00$c20140418$lBLL01$h0927

