=LDR  01946 am a2200529 a 4500
=001  013044423
=003  Uk
=005  20050127132022.0
=006  m\\\\|\\\d\|\\\\\\
=007  cr||||||||||||
=008  041123s2004\\\\enk\\\\\s\\\\\000\0\eng\\
=FMT  \\$a  BK
=015  \\$aGBA505949$2bnb
=020  \\$a1859352561 (pdf) :$cNo price
=020  \\$a1859352553 (pbk.) :$c£14.95
=040  \\$aUk$beng$cUk
=042  \\$aukblsr
=082  04$a362.7670941$222
=100  1\$aStuart, Marian.
=245  10$aProgress on safeguards for children living away from home$h[electronic resource] :$bA review of actions since the People like us report /$cMarian Stuart and Catherine Baines.
=260  \\$aYork :$bJoseph Rowntree Foundations,$c2004.
=336  \\$atext$2rdacontent
=337  \\$acomputer$2rdamedia
=338  \\$aonline resource$2rdacarrier
=538  \\$aMode of access: World Wide Web.
=538  \\$aSystem requirements: IBM compatible PC; Windows; Adobe Acrobat Reader.
=500  \\$aTitle from PDF title screen.
=516  \\$aIn PDF format.
=530  \\$aAlso issued in print format.
=650  \0$aChild abuse$zGreat Britain$xPrevention.
=700  1\$aBaines, Catherine.
=710  2\$aJoseph Rowntree Foundation.
=856  40$uhttp://www.jrf.org.uk/bookshop/eBooks/1859352561.pdf
=852  41$aBritish Library$bHMNTS$j421805$cDRT
=CAT  \\$a7750$b40$c20041123$lBLL01$h1034
=CAT  \\$a7332$b40$c20050125$lBLL01$h1054
=CAT  \\$a7332$b40$c20050125$lBLL01$h1113
=CAT  \\$a7332$b40$c20050127$lBLL01$h1243
=CAT  \\$a7332$b40$c20050127$lBLL01$h1251
=CAT  \\$a7332$b40$c20050127$lBLL01$h1320
=CAT  \\$aBATCH$b00$c20080505$lBLL01$h1319
=CAT  \\$aWR13.144/5$c20140418$lBLL01$h0927
=CAT  \\$aW1711-1225$c20171203$lBLL01$h1020
=FIN  \\$aY$d20050125
=DRT  \\$aVDEP
=STA  \\$aSUPPRESSED$bunable to determine reason for suppression
=LAS  \\$aW1711-1225$b00$c20171203$lBLL01$h1020

