=LDR  02301 am a2200613 a 4500
=001  013044541
=003  Uk
=005  20050127131855.0
=006  m\\\\|\\\d\|\\\\\\
=007  cr||||||||||||
=008  041123s2004\\\\enk\\\\\s\\\\\000\0\eng\\
=FMT  \\$a  BK
=015  \\$aGBA505989$2bnb
=020  \\$a1859352642 (pdf) :$cNo price
=020  \\$a1859352634 (pbk.) :$c£14.95
=040  \\$aUk$beng$cUk
=042  \\$aukblsr
=082  04$a307.76941$222
=245  00$aPrioritising local environmental concerns$h[electronic resource] :$bwhere there's a will there's a way /$cKaren Lucas ... [et al.].
=260  \\$aYork :$bJoseph Rowntree Foundation,$c2004.
=336  \\$atext$2rdacontent
=337  \\$acomputer$2rdamedia
=338  \\$aonline resource$2rdacarrier
=490  1\$aReconciling environmental and social concerns
=538  \\$aMode of access: World Wide Web.
=538  \\$aSystem requirements: IBM compatible PC; Windows; Adobe Acrobat Reader.
=500  \\$aTitle from PDF title page.
=516  \\$aIn PDF format.
=530  \\$aAlso issued in print format.
=650  \0$aUrban ecology (Sociology)$zGreat Britain.
=700  1\$aLucas, Karen,$d1960-
=710  2\$aJoseph Rowntree Foundation.
=856  40$uhttp://www.jrf.org.uk/bookshop/eBooks/1858352642.pdf
=830  \0$aReconciling environmental and social concerns.
=852  41$aBritish Library$bHMNTS$j421804$cDRT
=CAT  \\$a7750$b40$c20041123$lBLL01$h1137
=CAT  \\$a12271$b40$c20041207$lBLL01$h1527
=CAT  \\$a12271$b40$c20041207$lBLL01$h1530
=CAT  \\$a7332$b40$c20050125$lBLL01$h1325
=CAT  \\$a7332$b40$c20050127$lBLL01$h1232
=CAT  \\$a7332$b40$c20050127$lBLL01$h1252
=CAT  \\$a7332$b40$c20050127$lBLL01$h1318
=CAT  \\$aBATCH$b00$c20080505$lBLL01$h1319
=CAT  \\$aBATCH-UPD$b00$c20080705$lBLL01$h0654
=CAT  \\$a11249$b40$c20090716$lBLL01$h1142
=CAT  \\$aBATCH$b00$c20091217$lBLL01$h0334
=CAT  \\$aBATCH-UPD$b00$c20110909$lBLL01$h1719
=CAT  \\$aWR13.144/5$c20140418$lBLL01$h0927
=CAT  \\$aW1711-1225$c20171203$lBLL01$h1020
=CAT  \\$aBATCH-UPD$b00$c20171203$lBLL01$h1117
=FIN  \\$aY$d20050125
=DRT  \\$aVDEP
=STA  \\$aSUPPRESSED$bunable to determine reason for suppression
=LAS  \\$aBATCH-UPD$b00$c20171203$lBLL01$h1117

