=LDR  02040 am a2200565 a 4500
=001  013044565
=003  Uk
=005  20050210103622.0
=006  m\\\\|\\\d\|\\\\\\
=007  cr||||||||||||
=008  041123s2004\\\\enk||||\s||||\00|\0\eng\\
=FMT  \\$a  BK
=015  \\$aGBA512530$2bnb
=020  \\$a1852616466 (print) :$cNo price
=040  \\$aUk$beng$cUk
=042  \\$aukblsr
=082  04$a363.5809421$222
=245  00$aAffordable housing$h[electronic resource] :$bthe London Plan : (spatial development strategy for Greater London) : draft supplementary planning guidance.
=260  \\$aLondon :$bGreater London Authority,$c2004.
=336  \\$atext$2rdacontent
=337  \\$acomputer$2rdamedia
=338  \\$aonline resource$2rdacarrier
=500  \\$aMode of access: World Wide Web.
=516  \\$aSystem requirements: IBM compatible PC; Windows; Adobe Acrobat Reader.
=520  \\$aTitle from PDF title page.
=530  \\$aPDF format.
=530  \\$aAlso issued in print format.
=500  \\$a"July 2004".
=650  \0$aHousing$zEngland$zLondon.
=650  \0$aLow-income housing$zEngland$zLondon.
=690  7\$aSocial Welfare$2blcoll
=710  1\$aLondon (England).$bMayor.
=710  2\$aGreater London Authority.
=856  40$uhttp://www.london.gov.uk/mayor/planning/docs/affordable_housing.pdf
=852  41$aBritish Library$bHMNTS$j421855$cDRT
=CAT  \\$a10902$b40$c20041123$lBLL01$h1150
=CAT  \\$a8141$b40$c20050209$lBLL01$h1522
=CAT  \\$a8141$b40$c20050210$lBLL01$h1035
=CAT  \\$a8141$b40$c20050210$lBLL01$h1036
=CAT  \\$aBATCH-UPD$b40$c20070912$lBLL01$h2021
=CAT  \\$aBATCH$b00$c20080505$lBLL01$h1319
=CAT  \\$aWR10_184$c20101208$lBLL01$h1635
=CAT  \\$aBATCH$b00$c20110625$lBLL01$h0511
=CAT  \\$aBATCH-SWP4$c20110627$lBLL01$h1552
=CAT  \\$aWR12-140$c20121030$lBLL01$h1048
=CAT  \\$aWR13.144/5$c20140418$lBLL01$h0927
=FIN  \\$aY$d20050209
=DRT  \\$aVDEP
=STA  \\$aSUPPRESSED$bWR10_184
=LAS  \\$aWR13.144/5$b00$c20140418$lBLL01$h0927

