=LDR  01822 as a2200529 a 4500
=001  013044605
=003  Uk
=005  20050630130017.0
=006  m\\\\|\\\d\|\\\\\\
=007  cr||||||||||||
=008  041123c20009999enkar\p\s\\\\o0\\\a0eng\\
=FMT  \\$a  SE
=040  \\$aUk$beng$cUk
=042  \\$aukblsr
=082  04$a307.7609421$222
=245  00$aAnnual London survey$h[electronic resource].
=260  \\$aLondon :$bGreater London Authority,$c[2000-].
=336  \\$atext$2rdacontent
=337  \\$acomputer$2rdamedia
=338  \\$aonline resource$2rdacarrier
=362  1\$aBegan in 2000.
=500  \\$aTitle from title screen (viewed on 30 Jun, 2005)
=516  \\$aPDF format.
=538  \\$aMode of access: World Wide Web.
=538  \\$aSystem requirements: Adobe Acrobat Reader.
=500  \\$aDescription based on: 2001.
=650  \0$aCity and town life$zEngland$zLondon$xPublic opinion$vPeriodicals.
=690  7\$aSocial Welfare$2blcoll
=710  2\$aGreater London Authority.
=710  2\$aMarket & Opinion Research International.
=856  40$uhttp://www.london.gov.uk/mayor/annual_survey/index.jsp
=852  41$aBritish Library$bHMNTS$j421856$cDRT
=CAT  \\$a10902$b40$c20041123$lBLL01$h1206
=CAT  \\$a7332$b40$c20050630$lBLL01$h1258
=CAT  \\$a7332$b40$c20050630$lBLL01$h1300
=CAT  \\$aBATCH-UPD$b40$c20070912$lBLL01$h2021
=CAT  \\$aBATCH$b00$c20080505$lBLL01$h1319
=CAT  \\$aWR10_184$c20101208$lBLL01$h1635
=CAT  \\$aBATCH$b00$c20110625$lBLL01$h0511
=CAT  \\$aBATCH-SWP4$c20110627$lBLL01$h1552
=CAT  \\$aWR12-140$c20121030$lBLL01$h1048
=CAT  \\$aWR13.144/5$c20140418$lBLL01$h0927
=FIN  \\$aY$d20050630
=DRT  \\$aVDEP
=STA  \\$aSUPPRESSED$bWR10_184
=TCO  \\$aCLA$bCLA$c008
=LAS  \\$aWR13.144/5$b00$c20140418$lBLL01$h0927

