=LDR  02108 am a2200577 a 4500
=001  013044692
=003  Uk
=005  20050214111003.0
=006  m\\\\|\\\d\|\\\\\\
=007  cr||||||||||||
=008  041123s2004\\\\enk||||\s||||o00|\0\eng\\
=FMT  \\$a  BK
=015  \\$aGBA512552$2bnb
=020  \\$a1852616377 (print) :$cNo price
=040  \\$aUk$beng$cUk
=042  \\$aukblsr
=082  04$a717.0941$222
=100  1\$aJohnston, Jacklyn.
=245  10$aBuilding green$h[electronic resource] :$ba guide to using plants on roofs, walls and pavements /$cJacklyn Johnston & John Newton.
=260  \\$aLondon :$bGreater London Authority,$c2004.
=336  \\$atext$2rdacontent
=337  \\$acomputer$2rdamedia
=338  \\$aonline resource$2rdacarrier
=538  \\$aMode of access: World Wide Web.
=538  \\$aSystem requirements: IBM compatible PC; Windows; Adobe Acrobat Reader.
=500  \\$aTitle from PDF title page.
=516  \\$aPDF format.
=500  \\$aAlso issued in print format.
=650  \0$aBuildings$xEnvironmental aspects$zGreat Britain.
=650  \0$aGreen roofs (Gardening)
=650  \0$aUrban plants$zGreat Britain.
=650  \0$aTrees in cities$zGreat Britain.
=650  \0$aUrban ecology (Sociology)$zGreat Britain.
=700  1\$aNewton, John,$d1950-
=710  2\$aGreater London Authority.
=856  40$uhttp://www.london.gov.uk/mayor/strategies/biodiversity/docs/Building_Green_main_text.pdf
=852  41$aBritish Library$bHMNTS$j421858$cDRT
=CAT  \\$a10902$b40$c20041123$lBLL01$h1313
=CAT  \\$a10902$b40$c20041123$lBLL01$h1314
=CAT  \\$a8141$b40$c20050210$lBLL01$h1029
=CAT  \\$a5194$b40$c20050214$lBLL01$h1110
=CAT  \\$aBATCH-UPD$b40$c20070912$lBLL01$h2021
=CAT  \\$aBATCH$b00$c20080505$lBLL01$h1319
=CAT  \\$a11249$b40$c20090716$lBLL01$h1142
=CAT  \\$aWR10_184$c20101208$lBLL01$h1635
=CAT  \\$aWR12-140$c20121030$lBLL01$h1048
=CAT  \\$aWR13.144/5$c20140418$lBLL01$h0927
=FIN  \\$aY$d20050210
=DRT  \\$aVDEP
=STA  \\$aSUPPRESSED$bWR10_184
=LAS  \\$aWR13.144/5$b00$c20140418$lBLL01$h0927

