=LDR  01929 am a2200541 a 4500
=001  013044729
=003  Uk
=005  20050224160624.0
=006  m\\\\|\\\d\|\\\\\\
=007  cr||||||||||||
=008  041123s2000\\\\enk\\\\\s\\\\o000\0\eng\\
=FMT  \\$a  BK
=015  \\$aGBA517047$2bnb
=020  \\$cNo price
=040  \\$aUk$beng$cUk
=042  \\$aukblsr
=082  04$a362.509421$222
=245  00$aEvening the odds$h[electronic resource] :$ba GLA consultation paper for the Mayor's rough sleepers strategy.
=260  \\$aLondon :$bGreater London Authority,$c2000.
=336  \\$atext$2rdacontent
=337  \\$acomputer$2rdamedia
=338  \\$aonline resource$2rdacarrier
=538  \\$aMode of access: World Wide Web.
=538  \\$aSystem requirements: IBM compatible PC; Windows; Adobe Acrobat Reader.
=500  \\$aTitle from PDF title screen.
=516  \\$aPDF format.
=530  \\$aAlso issued in print format.
=650  \0$aHomeless persons$xGovernment policy$zEngland$zLondon.
=650  \0$aTramps$zEngland$zLondon.
=690  7\$aSocial Welfare$2blcoll
=710  2\$aGreater London Authority.
=856  40$uhttp://www.london.gov.uk/mayor/strategies/rough_sleepers/evening_the_odds.pdf
=852  41$aBritish Library$bHMNTS$j421864$cDRT
=CAT  \\$a10902$b40$c20041123$lBLL01$h1343
=CAT  \\$a7332$b40$c20050224$lBLL01$h0933
=CAT  \\$a7332$b40$c20050224$lBLL01$h0948
=CAT  \\$a7332$b40$c20050224$lBLL01$h1606
=CAT  \\$aBATCH-UPD$b40$c20070912$lBLL01$h2021
=CAT  \\$aBATCH$b00$c20080505$lBLL01$h1319
=CAT  \\$aWR10_184$c20101208$lBLL01$h1635
=CAT  \\$aBATCH$b00$c20110625$lBLL01$h0511
=CAT  \\$aBATCH-SWP4$c20110627$lBLL01$h1552
=CAT  \\$aWR12-140$c20121030$lBLL01$h1048
=CAT  \\$aWR13.144/5$c20140418$lBLL01$h0927
=FIN  \\$aY$d20050224
=DRT  \\$aVDEP
=STA  \\$aSUPPRESSED$bWR10_184
=LAS  \\$aWR13.144/5$b00$c20140418$lBLL01$h0927

