=LDR  01988 am a2200541 a 4500
=001  013044738
=003  Uk
=005  20050210141955.0
=006  m\\\\|\\\d\|\\\\\\
=007  cr||||||||||||
=008  041123s2004\\\\enk\\\\\s\\\\o|0|\0\eng\\
=FMT  \\$a  BK
=015  \\$aGBA512592$2bnb
=020  \\$a1852616423 (print) :$cNo price
=040  \\$aUk$beng$cUk
=042  \\$aukblsr
=082  04$a307.341609421$222
=245  00$aFinancing the future$h[electronic resource] :$ba report on innovative financing mechanisms for major regeneration projects in London.
=260  \\$aLondon :$bGreater London Authority,$c2004.
=336  \\$atext$2rdacontent
=337  \\$acomputer$2rdamedia
=338  \\$aonline resource$2rdacarrier
=538  \\$aMode of access: World Wide Web.
=538  \\$aSystem requirements: IBM compatible PC; Windows; Adobe Acrobat Reader.
=500  \\$aTitle from title screen.
=516  \\$aPDF format.
=530  \\$aAlso issued in print format.
=650  \0$aUrban renewal$zEngland$zLondon.
=690  7\$aSocial Welfare$2blcoll
=710  2\$aGreater London Authority.
=710  2\$aLondon Assembly.$bEconomic and Social Development Committee.
=856  \\$uhttp://www.london.gov.uk/assembly/reports/econsd/financing_the_future.pdf
=852  41$aBritish Library$bHMNTS$j421865$cDRT
=CAT  \\$a10902$b40$c20041123$lBLL01$h1351
=CAT  \\$a10902$b40$c20041123$lBLL01$h1352
=CAT  \\$a11281$b40$c20050210$lBLL01$h1418
=CAT  \\$a11281$b40$c20050210$lBLL01$h1419
=CAT  \\$aBATCH-UPD$b40$c20070912$lBLL01$h2021
=CAT  \\$aBATCH$b00$c20080505$lBLL01$h1319
=CAT  \\$aWR10_184$c20101208$lBLL01$h1635
=CAT  \\$aBATCH$b00$c20110625$lBLL01$h0511
=CAT  \\$aBATCH-SWP4$c20110627$lBLL01$h1552
=CAT  \\$aWR12-140$c20121030$lBLL01$h1048
=CAT  \\$aWR13.144/5$c20140418$lBLL01$h0927
=FIN  \\$aY$d20050210
=DRT  \\$aVDEP
=STA  \\$aSUPPRESSED$bWR10_184
=LAS  \\$aWR13.144/5$b00$c20140418$lBLL01$h0927

