=LDR  02234 am a2200613 a 4500
=001  013044761
=003  Uk
=005  20050224160419.0
=006  m\\\\|\\\d\|\\\\\\
=007  cr||||||||||||
=008  041123s2004\\\\enk\\\\\s\\\\o000\0\eng\\
=FMT  \\$a  BK
=015  \\$aGBA517091$2bnb
=020  \\$a1852615826 (print) :$cNo price
=040  \\$aUk$beng$cUk
=042  \\$aukblsr
=082  04$a307.121609421$222
=245  00$aGeneral conformity$h[electronic resource] :$bprinciples and procedures ; consultation draft guidance notes.
=260  \\$aLondon :$bGreater London Authority,$c2004.
=336  \\$atext$2rdacontent
=337  \\$acomputer$2rdamedia
=338  \\$aonline resource$2rdacarrier
=538  \\$aMode of access: World Wide Web.
=538  \\$aSystem requirements: IBM compatible PC; Windows; Adobe Acrobat Reader.
=500  \\$aTitle from PDF title screen.
=516  \\$aPDF format.
=530  \\$aAlso issued in print format.
=650  \0$aLocal government$zEngland$zLondon.
=650  \0$aUrban policy$zEngland$zLondon.
=650  \0$aLand use, Urban$zEngland$zLondon.
=650  \0$aHousing$zEngland$zLondon.
=650  \0$aTransportation$zEngland$zLondon.
=651  \0$aLondon (England)$xEconomic conditions.
=651  \0$aLondon (England)$xSocial conditions.
=690  7\$aSocial Welfare$2blcoll
=710  2\$aGreater London Authority.
=710  1\$aLondon (England).$bMayor.
=856  40$uhttp://www.london.gov.uk/mayor/planning/docs/general_conformity_guidance.pdf
=852  41$aBritish Library$bHMNTS$j421866$cDRT
=CAT  \\$a10902$b40$c20041123$lBLL01$h1403
=CAT  \\$a7332$b40$c20050224$lBLL01$h1307
=CAT  \\$a7332$b40$c20050224$lBLL01$h1604
=CAT  \\$aBATCH-UPD$b40$c20070912$lBLL01$h2021
=CAT  \\$aBATCH$b00$c20080505$lBLL01$h1319
=CAT  \\$aWR10_184$c20101208$lBLL01$h1635
=CAT  \\$aBATCH$b00$c20110625$lBLL01$h0511
=CAT  \\$aBATCH-SWP4$c20110627$lBLL01$h1552
=CAT  \\$aWR12-140$c20121030$lBLL01$h1048
=CAT  \\$aWR13.144/5$c20140418$lBLL01$h0927
=CAT  \\$aBATCH-UPD$b00$c20150302$lBLL01$h2042
=FIN  \\$aY$d20050224
=DRT  \\$aVDEP
=STA  \\$aSUPPRESSED$bWR10_184
=LAS  \\$aBATCH-UPD$b00$c20150302$lBLL01$h2042

