=LDR  02355cam a2200625 a 4500
=001  013044802
=003  Uk
=005  20050314160230.0
=006  m\\\\|\\\d\|\\\\\\
=007  cr||||||||||||
=008  041123s2004\\\\enk\\\\\s\\\\o000\0\eng\\
=FMT  \\$a  BK
=015  \\$aGBA517061$2bnb
=020  \\$a1904340083 (print) :$cNo price
=040  \\$aUk$beng$cUk
=042  \\$aukblsr
=082  04$a362.109421$222
=100  1\$aBarer, Robin.
=245  10$aHealth in London$h[electronic resource] :$breview of the London health strategy high level indicators ; 2004 update : focus on the health of London's black and minority ethnic communities /$cauthors, Robin Barer, Justine Fitzpatrick, Cheikh Traoré.
=260  \\$aLondon :$bLondon Health Commission,$c2004.
=336  \\$atext$2rdacontent
=337  \\$acomputer$2rdamedia
=338  \\$aonline resource$2rdacarrier
=538  \\$aMode of access: Internet.
=538  \\$aSystem requirements: IBM compatible PC; Windows; Word for Windows.
=500  \\$aTitle from title screen.
=516  \\$aWord for Windows format.
=530  \\$aAlso issued in print format.
=650  \0$aHealth status indicators$zEngland$zLondon.
=650  \0$aBlack people$zEngland$zLondon.
=650  \0$aMinorities$zEngland$zLondon.
=690  7\$aSocial Welfare$2blcoll
=700  1\$aFitzpatrick, Justine.
=700  1\$aTraoré, Cheikh.
=710  2\$aLondon Health Commission.
=710  2\$aGreater London Authority.
=856  40$uhttp://www.london.gov.uk/mayor/health/docs/health_london_04.rtf
=852  41$aBritish Library$bHMNTS$j421868$cDRT
=CAT  \\$a10902$b40$c20041123$lBLL01$h1426
=CAT  \\$a10902$b40$c20041203$lBLL01$h1102
=CAT  \\$a7332$b40$c20050224$lBLL01$h1048
=CAT  \\$a7332$b40$c20050224$lBLL01$h1605
=CAT  \\$a5194$b40$c20050314$lBLL01$h1602
=CAT  \\$aBATCH-UPD$b40$c20070912$lBLL01$h2021
=CAT  \\$aBATCH$b00$c20080505$lBLL01$h1319
=CAT  \\$aWR10_184$c20101208$lBLL01$h1635
=CAT  \\$aBATCH$b00$c20110625$lBLL01$h0511
=CAT  \\$aBATCH-SWP4$c20110627$lBLL01$h1552
=CAT  \\$aWR12-140$c20121030$lBLL01$h1048
=CAT  \\$aWR13.144/5$c20140418$lBLL01$h0927
=CAT  \\$a11249$b40$c20221024$lBLL01$h1254
=FIN  \\$aY$d20050224
=DRT  \\$aVDEP
=STA  \\$aSUPPRESSED$bWR10_184
=LAS  \\$a11249$b40$c20221024$lBLL01$h1254

