=LDR  02021 am a2200565 a 4500
=001  013047123
=003  Uk
=005  20120607123123.0
=006  m\\\\|\\\d\|\\\\\\
=007  cr||||||||||||
=008  041124s2004\\\\enk\\\\\s\\\\\000\0\eng\\
=FMT  \\$a  BK
=015  \\$aGBA507901$2bnb
=040  \\$aUk$beng$cUk
=042  \\$aukblsr
=082  04$a362.70830942$222
=100  1\$aColes, Bob.
=245  10$aBuilding better connections$h[electronic resource] :$bInter-agency work and the Connexions service /$cBob Coles, Lix Britton, Leslie Hicks.
=260  \\$aBristol :$bPolicy Press,$c2004.
=336  \\$atext$2rdacontent
=337  \\$acomputer$2rdamedia
=338  \\$aonline resource$2rdacarrier
=538  \\$aMode of access: World Wide Web.
=538  \\$aSystem requirements: IBM compatible PC; Windows; Adobe Acrobat Reader.
=500  \\$aTitle from PDF title page.
=516  \\$aIn PDF format.
=530  \\$aAlso issued in print format.
=500  \\$aPublished for the Joseph Rowntree Foundation.
=610  20$aConnexions (Service)
=650  \0$aTeenagers$xServices for$zGreat Britain.
=690  7\$aSocial Welfare$2blcoll
=700  1\$aBritton, Liz.
=700  1\$aHicks, Leslie.
=710  2\$aJoseph Rowntree Foundation.
=856  40$uhttp://www.jrf.org.uk/bookshop/eBooks/1861346867.pdf
=852  41$aBritish Library$bHMNTS$j421772$cDRT
=CAT  \\$a7750$b40$c20041124$lBLL01$h0816
=CAT  \\$a7332$b40$c20050126$lBLL01$h1318
=CAT  \\$a7332$b40$c20050126$lBLL01$h1320
=CAT  \\$a7332$b40$c20050126$lBLL01$h1321
=CAT  \\$a7332$b40$c20050127$lBLL01$h1301
=CAT  \\$aBATCH$b00$c20080505$lBLL01$h1319
=CAT  \\$a10983$b40$c20120607$lBLL01$h1231
=CAT  \\$aWR13.144/5$c20140418$lBLL01$h0927
=CAT  \\$aW1711-1225$c20171203$lBLL01$h1020
=CAT  \\$aBATCH-UPD$b00$c20171203$lBLL01$h1117
=FIN  \\$aY$d20050126
=DRT  \\$aVDEP
=STA  \\$aSUPPRESSED$bunable to determine reason for suppression
=LAS  \\$aBATCH-UPD$b00$c20171203$lBLL01$h1117

