=LDR  01809 am a2200505 a 4500
=001  013047131
=003  Uk
=005  20050216113738.0
=006  m\\\\|\\\d\|\\\\\\
=007  cr||||||||||||
=008  041124s2004\\\\enk\\\\\s\\\\\000\0\eng\\
=FMT  \\$a  BK
=015  \\$aGBA512846$2bnb
=020  \\$a1854495941 :$cNo price
=040  \\$aUk$beng$cUk
=042  \\$aukblsr
=082  04$a519.536$222
=100  1\$aDawson, Jeremy.
=245  12$aA significance test of slope differences for three-way interactions in moderated multiple regression analysis$h[electronic resource] /$cby Jeremy F. Dawson & Andreas W. Richter.
=260  \\$aBirmingham :$bAston Business School,$c2004.
=336  \\$atext$2rdacontent
=337  \\$acomputer$2rdamedia
=338  \\$aonline resource$2rdacarrier
=538  \\$aMode of access: World Wide Web.
=538  \\$aSystem requirements: IBM compatible PC; Windows; Adobe Acrobat Reader.
=500  \\$aTitle from PDF title screen.
=516  \\$aIn PDF format.
=500  \\$aRP0422.
=650  \0$aRegression analysis.
=650  \0$aMonte Carlo method.
=700  1\$aRichter, Andreas W.
=710  2\$aAston Business School.
=856  40$uhttp://www.abs.aston.ac.uk/newweb/research/publications/docs/RP0422.pdf
=852  41$aBritish Library$bHMNTS$j421769$cDRT
=CAT  \\$a7750$b40$c20041124$lBLL01$h0828
=CAT  \\$a7332$b40$c20050214$lBLL01$h1140
=CAT  \\$a7332$b40$c20050214$lBLL01$h1309
=CAT  \\$a5194$b40$c20050216$lBLL01$h1137
=CAT  \\$aBATCH$b00$c20080505$lBLL01$h1319
=CAT  \\$aWR13.144/5$c20140418$lBLL01$h0927
=CAT  \\$aW1711-1225$c20171203$lBLL01$h1020
=FIN  \\$aY$d20050214
=DRT  \\$aVDEP
=STA  \\$aSUPPRESSED$bunable to determine reason for suppression
=LAS  \\$aW1711-1225$b00$c20171203$lBLL01$h1020

