=LDR  01968 am a2200541 a 4500
=001  013047140
=003  Uk
=005  20150630122844.0
=006  m\\\\|\\\d\|\\\\\\
=007  cr||n\|||a||||
=008  041124s2004\\\\enk||||\s||||\00|\0\eng\\
=FMT  \\$a  BK
=015  \\$aGBA527490$2bnb
=020  \\$a1854495992 :$cNo price
=040  \\$aUk$beng$cUk
=042  \\$aukblsr
=082  04$a658.3124$222
=100  1\$aShipton, Helen,$d1961-
=245  10$aOrganizational learning$h[electronic resource] :$breality or myth? /$cby Helen Shipton.
=260  \\$aBirmingham :$bAston Business School,$c2004.
=336  \\$atext$2rdacontent
=337  \\$acomputer$2rdamedia
=338  \\$aonline resource$2rdacarrier
=490  1\$aAston Business School research papers ;$vRP0423
=538  \\$aMode of access: World Wide Web.
=538  \\$aSystem requirements: IBM compatible PC; Windows; Adobe Acrobat Reader.
=500  \\$aTitle from p.1 of PDF file.
=516  \\$aPDF format.
=650  \0$aOrganizational learning.
=710  2\$aAston Business School.
=856  40$uhttp://www.abs.aston.ac.uk/newweb/research/publications/docs/RP0423.pdf
=830  \0$aAston Business School research papers ;$vRP0423.
=852  41$aBritish Library$bHMNTS$j421803$cDRT
=CAT  \\$a7750$b40$c20041124$lBLL01$h0839
=CAT  \\$a8141$b40$c20050331$lBLL01$h0949
=CAT  \\$a8141$b40$c20050331$lBLL01$h1406
=CAT  \\$aBATCH$b00$c20080505$lBLL01$h1319
=CAT  \\$aBATCH$b00$c20091217$lBLL01$h0334
=CAT  \\$aBATCH-UPD$b00$c20100910$lBLL01$h2019
=CAT  \\$aBATCH-UPD$b00$c20110909$lBLL01$h1717
=CAT  \\$aWR13.144/5$c20140418$lBLL01$h0927
=CAT  \\$aBATCH-UPD$b00$c20150627$lBLL01$h1725
=CAT  \\$a5194$b40$c20150630$lBLL01$h1228
=CAT  \\$aW1711-1225$c20171203$lBLL01$h1020
=FIN  \\$aY$d20050331
=DRT  \\$aVDEP
=STA  \\$aSUPPRESSED$bunable to determine reason for suppression
=LAS  \\$aW1711-1225$b00$c20171203$lBLL01$h1020

