=LDR  01907 am a2200505 a 4500
=001  013047144
=003  Uk
=005  20050210153153.0
=006  m\\\\|\\\d\|\\\\\\
=007  cr||||||||||||
=008  041124s2004\\\\enk\\\\\s\\\\\000\0\eng\\
=FMT  \\$a  BK
=015  \\$aGBA508258$2bnb
=040  \\$aUk$beng$cUk
=042  \\$aukblsr
=082  04$a342.410662$222
=100  10$aChelliah, Ramani.
=245  10$aInformation is power$h[electronic resource] :$bA guide to the rule on access to information in local government /$c[written by Ramani Chelliah].
=260  \\$aLondon :$bThe Local Government Information Unit,$c2004.
=336  \\$atext$2rdacontent
=337  \\$acomputer$2rdamedia
=338  \\$aonline resource$2rdacarrier
=538  \\$aMode of access: World Wide Web.
=538  \\$aSystem requirements: IBM compatible PC; Windows; Adobe Acrobat Reader.
=500  \\$aTitle from PDF title page.
=516  \\$aIn PDF format.
=530  \\$aAlso issued in print format.
=650  \0$aDisclosure of information$xLaw and legislation$zGreat Britain.
=650  \0$aGovernment information
=650  \0$aLocal government$zGreat Britain.
=710  2\$aLocal Government Information Unit (London, England)
=710  2\$aAssociation of Council Secretaries and Solicitors.
=856  40$uhttp://www.steerbriefing.org.uk/lgiu/Infop.pdf
=852  41$aBritish Library$bHMNTS$j421786$cDRT
=CAT  \\$a7750$b40$c20041124$lBLL01$h0855
=CAT  \\$a7332$b40$c20050201$lBLL01$h1350
=CAT  \\$a11249$b40$c20050210$lBLL01$h1531
=CAT  \\$aBATCH$b00$c20080505$lBLL01$h1319
=CAT  \\$aWR13.144/5$c20140418$lBLL01$h0927
=CAT  \\$aW1711-1225$c20171203$lBLL01$h1020
=CAT  \\$aBATCH-UPD$b00$c20171203$lBLL01$h1117
=FIN  \\$aY$d20050201
=DRT  \\$aVDEP
=STA  \\$aSUPPRESSED$bunable to determine reason for suppression
=LAS  \\$aBATCH-UPD$b00$c20171203$lBLL01$h1117

