=LDR  01783 am a2200505 a 4500
=001  013047748
=003  Uk
=005  20050131105439.0
=006  m\\\\|\\\d\|\\\\\\
=007  cr||||||||||||
=008  041124s2004\\\\enk\\\\\s\\\\o000\0\eng\\
=FMT  \\$a  BK
=015  \\$aGBA507876$2bnb
=040  \\$aUk$beng$cUk
=042  \\$aukblsr
=082  04$a621.406011$222
=245  00$aCycloidal tidal power generation$h[electronic resource] :$bphase 2.
=260  \\$a[London :$bDTI],$c2004.
=336  \\$atext$2rdacontent
=337  \\$acomputer$2rdamedia
=338  \\$aonline resource$2rdacarrier
=538  \\$aMode of access: World Wide Web.
=538  \\$aSystem requirements: IBM compatible PC; Windows; Adobe Acrobat Reader.
=500  \\$aTitle from PDF title page.
=516  \\$aIn PDF format.
=500  \\$aURN 04/1102
=500  \\$aT/06/00229/REP/2.
=650  \0$aTidal power$xEconomic aspects$zGreat Britain.
=650  \0$aTurbines$xBlades$xSimulation methods.
=710  1\$aGreat Britain.$bDepartment of Trade and Industry.
=856  40$uhttp://www.dti.gov.uk/energy/renewables/publications/pdfs/T0600229rep2.pdf
=852  41$aBritish Library$bHMNTS$j421835$cDRT
=985  \\$aRecord amended for WR# 13/070
=CAT  \\$a6524$b40$c20041124$lBLL01$h1445
=CAT  \\$a6524$b40$c20041124$lBLL01$h1448
=CAT  \\$a7332$b40$c20050131$lBLL01$h1054
=CAT  \\$aUE-01$b00$c20050207$lBLL01$h1709
=CAT  \\$aBATCH$b00$c20080505$lBLL01$h1319
=CAT  \\$aWR13_070$b00$c20130504$lBLL01$h0236
=CAT  \\$aWR13.144/5$c20140418$lBLL01$h0927
=CAT  \\$aW1711-1225$c20171203$lBLL01$h1020
=FIN  \\$aY$d20050126
=DRT  \\$aVDEP
=STA  \\$aSUPPRESSED$bunable to determine reason for suppression
=LAS  \\$aW1711-1225$b00$c20171203$lBLL01$h1020

