=LDR  01817 am a2200529 a 4500
=001  013047876
=003  Uk
=005  20050208102750.0
=006  m\\\\|\\\d\|\\\\\\
=007  cr||||||||||||
=008  041124s2004\\\\enk||||\s||||o00|\0\eng\\
=FMT  \\$a  BK
=015  \\$aGBA510572$2bnb
=040  \\$aUk$beng$cUk
=042  \\$aukblsr
=082  04$a658.40380285$222
=245  00$aE-collaboration$h[electronic resource].
=260  \\$a[London] :$bDTI,$c[2004].
=336  \\$atext$2rdacontent
=337  \\$acomputer$2rdamedia
=338  \\$aonline resource$2rdacarrier
=490  1\$aFactsheet / DTI
=538  \\$aMode of access: World Wide Web.
=538  \\$aSystem requirements: IBM compatible PC; Windows; Adobe Acrobat Reader.
=500  \\$aTitle from p.1 of PDF file.
=516  \\$aPDF format.
=500  \\$aPublisher's no.: URN 04/1731.
=650  \0$aBusiness logistics.
=650  \0$aBusiness planning.
=650  \0$aDecision support systems.
=650  \0$aOLAP technology.
=710  1\$aGreat Britain.$bDepartment of Trade and Industry.
=856  40$uhttp://www.dti.gov.uk/bestpractice/assets/ecollaboration.pdf
=830  \0$aFactsheet (Great Britain. Department of Trade and Industry).
=852  41$aBritish Library$bHMNTS$j421777$cDRT
=985  \\$aRecord amended for WR# 13/070
=CAT  \\$a6524$b40$c20041124$lBLL01$h1544
=CAT  \\$a6524$b40$c20041124$lBLL01$h1547
=CAT  \\$a8141$b40$c20050208$lBLL01$h1027
=CAT  \\$aBATCH$b00$c20080505$lBLL01$h1319
=CAT  \\$aWR13_070$b00$c20130504$lBLL01$h0236
=CAT  \\$aWR13.144/5$c20140418$lBLL01$h0927
=CAT  \\$aW1711-1225$c20171203$lBLL01$h1020
=FIN  \\$aY$d20050208
=DRT  \\$aVDEP
=STA  \\$aSUPPRESSED$bunable to determine reason for suppression
=LAS  \\$aW1711-1225$b00$c20171203$lBLL01$h1020

