=LDR  01675 am a2200481 a 4500
=001  013051653
=003  Uk
=005  20050211105955.0
=006  m\\\\|\\\d\|\\\\\\
=007  cr||||||||||||
=008  041130s2003\\\\enk\\\\\s\\\\o|0|\0\eng\\
=FMT  \\$a  BK
=015  \\$aGBA512638$2bnb
=020  \\$cNo price
=040  \\$aUk$beng$cUk
=042  \\$aukblsr
=082  04$a363.25209421$222
=245  04$aThe multi agency witness mobility scheme$h[electronic resource] :$bsummary document and protocol.
=260  \\$aLondon :$bGreater London Authority,$c2003.
=336  \\$atext$2rdacontent
=337  \\$acomputer$2rdamedia
=338  \\$aonline resource$2rdacarrier
=538  \\$aMode of access: World Wide Web.
=538  \\$aSystem requirements: IBM compatible PC; Windows; Adobe Acrobat Reader.
=500  \\$aTitle from title screen.
=516  \\$aPDF format.
=530  \\$aAlso issued in print format.
=650  \0$aWitnesses$xProtection$zEngland$zLondon.
=710  2\$aGreater London Authority.
=856  4\$uhttp://www.london.gov.uk/gla/publications/crime_policing/witness_mobility.pdf
=852  41$aBritish Library$bHMNTS$j415639$cDRT
=CAT  \\$a6524$b40$c20041130$lBLL01$h1345
=CAT  \\$a6524$b40$c20041130$lBLL01$h1403
=CAT  \\$a11281$b40$c20050211$lBLL01$h1059
=CAT  \\$aBATCH-UPD$b40$c20070912$lBLL01$h2021
=CAT  \\$aBATCH$b00$c20080505$lBLL01$h1319
=CAT  \\$aWR10_184$c20101208$lBLL01$h1635
=CAT  \\$aWR12-140$c20121030$lBLL01$h1048
=CAT  \\$aWR13.144/5$c20140418$lBLL01$h0927
=FIN  \\$aY$d20050211
=DRT  \\$aVDEP
=STA  \\$aSUPPRESSED$bWR10_184
=LAS  \\$aWR13.144/5$b00$c20140418$lBLL01$h0927

