=LDR  01965 am a2200505 a 4500
=001  013051710
=003  Uk
=005  20050221113324.0
=006  m\\\\|\\\d\|\\\\\\
=007  cr||||||||||||
=008  041130s2004\\\\enk\\\\\s\\\\o000\0\eng\\
=FMT  \\$a  BK
=015  \\$aGBA514950$2bnb
=020  \\$a1852616393 (pbk.) :$cNo price
=040  \\$aUk$beng$cUk
=042  \\$aukblsr
=082  04$a363.729109421$222
=245  00$aProtecting the city environment$h[electronic resource] :$bLondon's response to fly tipping, litter, graffiti, fly posting and abandoned vehicles /$creport of the Environment Committee.
=260  \\$aLondon :$bGreater London Authority,$c2004.
=336  \\$atext$2rdacontent
=337  \\$acomputer$2rdamedia
=338  \\$aonline resource$2rdacarrier
=538  \\$aMode of access: World Wide Web.
=538  \\$aSystem requirements: IBM compatible PC; Windows; Adobe Acrobat Reader.
=500  \\$aTitle from PDF title screen.
=516  \\$aPDF format.
=530  \\$aAlso issued in print format.
=650  \0$aUrban policy$zEngland$zLondon.
=651  \0$aLondon (England)$xEnvironmental conditions.
=710  2\$aLondon Assembly.$bEnvironment Committee.
=710  2\$aGreater London Authority.
=856  40$uhttp://www.london.gov.uk/assembly/reports/environment/protecting_the_city_environment.pdf
=856  40$uhttp://www.london.gov.uk/assembly/reports/environment/protecting_the_city_environment.rtf
=852  41$aBritish Library$bHMNTS$j415633$cDRT
=CAT  \\$a6524$b40$c20041130$lBLL01$h1415
=CAT  \\$a7332$b40$c20050221$lBLL01$h1133
=CAT  \\$aBATCH-UPD$b40$c20070912$lBLL01$h2021
=CAT  \\$aBATCH$b00$c20080505$lBLL01$h1319
=CAT  \\$aWR10_184$c20101208$lBLL01$h1635
=CAT  \\$aWR12-140$c20121030$lBLL01$h1048
=CAT  \\$aWR13.144/5$c20140418$lBLL01$h0927
=FIN  \\$aY$d20050221
=DRT  \\$aVDEP
=STA  \\$aSUPPRESSED$bWR10_184
=LAS  \\$aWR13.144/5$b00$c20140418$lBLL01$h0927

