=LDR  02076cam a2200565 a 4500
=001  013051728
=003  Uk
=005  20050224160941.0
=006  m\\\\|\\\d\|\\\\\\
=007  cr||||||||||||
=008  041130s2004\\\\enk\\\\\s\\\\o000\0\eng\\
=FMT  \\$a  BK
=015  \\$aGBA514783$2bnb
=020  \\$a1852613343$cNo price
=040  \\$aUk$beng$cUk
=042  \\$aukblsr
=082  04$a362.878$222
=245  00$aRefugees and asylum seekers in London$h[electronic resource] : a GLA perspective ; draft report for consultation /$cGLA Policy Support Unit.
=260  \\$aLondon :$b[Greater London Authority],$c2004.
=336  \\$atext$2rdacontent
=337  \\$acomputer$2rdamedia
=338  \\$aonline resource$2rdacarrier
=538  \\$aMode of access: World Wide Web.
=538  \\$aSystem requirements: IBM compatible PC; Windows; Adobe Acrobat Reader.
=500  \\$aTitle from PDF title screen.
=516  \\$aPDF format.
=650  \0$aRefugees$xServices for$zEngland$zLondon.
=650  \0$aAsylum, Right of$zEngland$zLondon.
=690  7\$aSocial Welfare$2blcoll
=710  2\$aGreater London Authority.$bPolicy Support Unit.
=856  40$uhttp://www.asylumsupport.info/publications/gla/refugees.pdf
=852  41$aBritish Library$bHMNTS$j415634$cDRT
=CAT  \\$a6524$b40$c20041130$lBLL01$h1426
=CAT  \\$a6524$b40$c20041130$lBLL01$h1427
=CAT  \\$a7332$b40$c20050218$lBLL01$h1601
=CAT  \\$a5194$b40$c20050221$lBLL01$h1147
=CAT  \\$aUE-01$b00$c20050221$lBLL01$h1710
=CAT  \\$a7332$b40$c20050224$lBLL01$h1609
=CAT  \\$aBATCH-UPD$b40$c20070912$lBLL01$h2021
=CAT  \\$aBATCH$b00$c20080505$lBLL01$h1319
=CAT  \\$aWR10_184$c20101208$lBLL01$h1635
=CAT  \\$aBATCH$b00$c20110625$lBLL01$h0511
=CAT  \\$aBATCH-SWP4$c20110627$lBLL01$h1553
=CAT  \\$aWR12-140$c20121030$lBLL01$h1048
=CAT  \\$aWR13.144/5$c20140418$lBLL01$h0927
=CAT  \\$aBATCH-UPD$b00$c20211201$lBLL01$h1529
=FIN  \\$aY$d20050218
=DRT  \\$aVDEP
=STA  \\$aSUPPRESSED$bWR10_184
=LAS  \\$aBATCH-UPD$b00$c20211201$lBLL01$h1529

