=LDR  02049 am a2200577 a 4500
=001  013051807
=003  Uk
=005  20050224160702.0
=006  m\\\\|\\\d\|\\\\\\
=007  cr||||||||||||
=008  041130s2004\\\\enk\\\\\s\\\\o000\0\eng\\
=FMT  \\$a  BK
=015  \\$aGBA514944$2bnb
=020  \\$z1852616404 :$cNo price
=040  \\$aUk$beng$cUk
=042  \\$aukblsr
=082  04$a338.9421$222
=245  00$aRegeneration, competitiveness and sustainable development.$h[electronic resource]
=260  \\$aLondon :$bGreater London Authority,$c2004.
=336  \\$atext$2rdacontent
=337  \\$acomputer$2rdamedia
=338  \\$aonline resource$2rdacarrier
=538  \\$aMode of access: World Wide Web.
=538  \\$aSystem requirements: IBM compatible PC; Windows; Adobe Acrobat Reader.
=500  \\$aTitle from PDF title screen.
=516  \\$aPDF format.
=530  \\$aAlso issued in print format.
=650  \0$aRegional economics$zEngland$zLondon.
=650  \0$aRegional planning$zEngland$zLondon.
=650  \0$aSustainable development$zEngland$zLondon.
=651  \0$aLondon (England)$xEconomic policy.
=690  7\$aManagement and Business Studies$2blcoll
=710  2\$aGreater London Authority.
=710  2\$aLondon Assembly.
=856  40$uhttp://www.london.gov.uk/assembly/reports/econsd/regen_csd.pdf
=852  41$aBritish Library$bHMNTS$j415635$cDRT
=CAT  \\$a6524$b40$c20041130$lBLL01$h1515
=CAT  \\$a6524$b40$c20041130$lBLL01$h1520
=CAT  \\$a7332$b40$c20050221$lBLL01$h1104
=CAT  \\$a7332$b40$c20050221$lBLL01$h1136
=CAT  \\$a7332$b40$c20050224$lBLL01$h1607
=CAT  \\$aBATCH-UPD$b40$c20070912$lBLL01$h2021
=CAT  \\$aBATCH$b00$c20080505$lBLL01$h1319
=CAT  \\$aBATCH$b00$c20090611$lBLL01$h1714
=CAT  \\$aWR10_184$c20101208$lBLL01$h1635
=CAT  \\$aWR12-140$c20121030$lBLL01$h1048
=CAT  \\$aWR13.144/5$c20140418$lBLL01$h0927
=FIN  \\$aY$d20050221
=DRT  \\$aVDEP
=STA  \\$aSUPPRESSED$bWR10_184
=LAS  \\$aWR13.144/5$b00$c20140418$lBLL01$h0927

