=LDR  02565 am a2200697 a 4500
=001  013051886
=003  Uk
=005  20190301130521.0
=006  m\\\\|\\\d\|\\\\\\
=007  cr||||||||||||
=008  041130s2003\\\\enk\\\\\s\\\\o000\0\eng\\
=FMT  \\$a  BK
=015  \\$aGBA514940$2bnb
=020  \\$a1852614544 :$cNo price
=040  \\$aUk$beng$cUk
=082  04$a331209422$222
=100  10$aRosewell, B.$q(Bridget)
=245  10$aLabour market balances and employment in the wider South East$h[electronic resource] :$cBridget Rosewell, Alan Freeman and Damian Walne.
=260  \\$aLondon :$bGreater London Authority,$c2003.
=336  \\$atext$2rdacontent
=337  \\$acomputer$2rdamedia
=338  \\$aonline resource$2rdacarrier
=490  1\$aWorking paper ;$v1
=538  \\$aMode of access: World Wide Web.
=538  \\$aSystem requirements: IBM compatible PC; Windows; Adobe Acrobat Reader.
=500  \\$aTitle from PDF title screen.
=516  \\$aPDF format.
=530  \\$aAlso issued in print format.
=650  \0$aLabor market$zEngland$zSouth East.
=650  \0$aLabor supply$zEngland$zSouth East.
=650  \0$aEmployment forecasting$zEngland$zSouth East.
=650  \0$aCommuting$zEngland$zSouth East.
=650  \0$aCommuting$zEngland$zLondon.
=690  7\$aManagement and Business Studies$2blcoll
=700  1\$aFreeman, Alan,$d1946-
=700  1\$aWalne, Damian.
=710  2\$aGLA Economics.
=710  2\$aGreater London Authority.
=710  1\$aLondon (England).$bMayor.
=830  \0$aWorking paper (GLA Economics) ;$v1.
=856  40$uhttp://www.london.gov.uk/mayor/economic_unit/docs/labour_mkt_balances_wp.pdf
=852  41$aBritish Library$bHMNTS$j415630$cDRT
=CAT  \\$a6524$b40$c20041130$lBLL01$h1602
=CAT  \\$a7332$b40$c20050221$lBLL01$h1023
=CAT  \\$a7332$b40$c20050221$lBLL01$h1051
=CAT  \\$a7332$b40$c20050221$lBLL01$h1053
=CAT  \\$a5194$b40$c20050221$lBLL01$h1420
=CAT  \\$a11249$b40$c20050224$lBLL01$h0900
=CAT  \\$a7332$b40$c20050224$lBLL01$h1608
=CAT  \\$aBATCH-UPD$b40$c20070912$lBLL01$h2021
=CAT  \\$aBATCH$b00$c20080505$lBLL01$h1319
=CAT  \\$aBATCH$b00$c20090611$lBLL01$h1714
=CAT  \\$aWR10_184$c20101208$lBLL01$h1635
=CAT  \\$aWR12-140$c20121030$lBLL01$h1048
=CAT  \\$aWR13.144/5$c20140418$lBLL01$h0927
=CAT  \\$aBATCH-UPD$b00$c20150302$lBLL01$h2042
=CAT  \\$a3391$b40$c20190301$lBLL01$h1305
=FIN  \\$aY$d20050221
=DRT  \\$aVDEP
=STA  \\$aSUPPRESSED$bWR10_184
=LAS  \\$a3391$b40$c20190301$lBLL01$h1305

