=LDR  02256 am a2200589 a 4500
=001  013053662
=003  Uk
=005  20050214113827.0
=006  m\\\\|\\\d\|\\\\\\
=007  cr||||||||||||
=008  041201s2003\\\\enk\\\\\s\\\\o|0|\0\eng\\
=FMT  \\$a  BK
=015  \\$aGBA512687$2bnb
=020  \\$cNo price
=040  \\$aUk$beng$cUk
=042  \\$aukblsr
=082  04$a330.9422$222
=245  04$aThe economic and social structure of London and the South East$h[electronic resource] :$ban analysis of the economic and social structure of London the South East and the eastern regions using the technique of fuzzy clustering /$cVolterra Consulting Ltd. for GLA Economics.
=260  \\$aLondon :$bGreater London Authority,$c2003.
=336  \\$atext$2rdacontent
=337  \\$acomputer$2rdamedia
=338  \\$aonline resource$2rdacarrier
=490  1\$aWorking paper ;$v2
=538  \\$aMode of access: World Wide Web.
=538  \\$aSystem requirements: IBM compatible PC; Windows; Adobe Acrobat Reader.
=500  \\$aTitle from title screen.
=516  \\$aPDF format.
=530  \\$aAlso issued in print format.
=650  \0$aLabor market$xEngland$xLondon.
=651  \0$aLondon (England)$xEconomic conditions.
=651  \0$aSouth East (England)$xEconomic conditions.
=690  7\$aManagement and Business Studies$2blcoll
=710  2\$aGreater London Authority.
=710  2\$aGLA Economics.
=710  2\$aVolterra Consulting.
=830  \0$aWorking paper (GLA Economics) ;$v2.
=856  \\$uhttp://www.london.gov.uk/mayor/economic_unit/docs/fuzzy_clustering_wp.pdf
=852  41$aBritish Library$bHMNTS$j415638$cDRT
=CAT  \\$a6524$b40$c20041201$lBLL01$h0941
=CAT  \\$a6524$b40$c20041201$lBLL01$h1023
=CAT  \\$a11281$b40$c20050211$lBLL01$h1413
=CAT  \\$a5194$b40$c20050214$lBLL01$h1138
=CAT  \\$aBATCH-UPD$b40$c20070912$lBLL01$h2021
=CAT  \\$aBATCH$b00$c20080505$lBLL01$h1319
=CAT  \\$aBATCH$b00$c20090611$lBLL01$h1714
=CAT  \\$aWR10_184$c20101208$lBLL01$h1635
=CAT  \\$aWR12-140$c20121030$lBLL01$h1048
=CAT  \\$aWR13.144/5$c20140418$lBLL01$h0927
=FIN  \\$aY$d20050211
=DRT  \\$aVDEP
=STA  \\$aSUPPRESSED$bWR10_184
=LAS  \\$aWR13.144/5$b00$c20140418$lBLL01$h0927

