=LDR  01857 am a2200541 a 4500
=001  013053754
=003  Uk
=005  20050214091132.0
=006  m\\\\|\\\d\|\\\\\\
=007  cr||||||||||||
=008  041201s2004\\\\enk\\\\\s\\\\o|0|\0\eng\\
=FMT  \\$a  BK
=015  \\$aGBA512818$2bnb
=020  \\$a1852616008 (print) :$cNo price
=040  \\$aUk$beng$cUk
=042  \\$aukblsr
=082  04$a352.44$222
=245  00$aCalculating London's tax export$h[electronic resource].
=260  \\$aLondon :$bGreater London Authority,$c2004.
=336  \\$atext$2rdacontent
=337  \\$acomputer$2rdamedia
=338  \\$aonline resource$2rdacarrier
=490  1\$aWorking paper ;$v6
=538  \\$aMode of access: World Wide Web.
=538  \\$aSystem requirements: IBM compatible PC; Windows; Adobe Acrobat Reader.
=500  \\$aTitle from title screen.
=516  \\$aPDF format.
=530  \\$aAlso issued in print format.
=650  \0$aTaxation$zEngland$zLondon
=650  \0$aExpenditures, Public$zEngland$zLondon.
=690  7\$aManagement and Business Studies$2blcoll
=710  2\$aGreater London Authority.
=710  2\$aGLA Economics.
=830  \0$aWorking paper (GLA Economics) ;$v6.
=856  4\$uhttp://www.london.gov.uk/mayor/economic_unit/docs/workingpaper_06.pdf
=852  41$aBritish Library$bHMNTS$j415629$cDRT
=CAT  \\$a6524$b40$c20041201$lBLL01$h1031
=CAT  \\$a11281$b40$c20050214$lBLL01$h0911
=CAT  \\$aBATCH-UPD$b40$c20070912$lBLL01$h2021
=CAT  \\$aBATCH$b00$c20080505$lBLL01$h1319
=CAT  \\$aBATCH$b00$c20090611$lBLL01$h1714
=CAT  \\$aWR10_184$c20101208$lBLL01$h1635
=CAT  \\$aWR12-140$c20121030$lBLL01$h1048
=CAT  \\$aWR13.144/5$c20140418$lBLL01$h0927
=FIN  \\$aY$d20050214
=DRT  \\$aVDEP
=STA  \\$aSUPPRESSED$bWR10_184
=LAS  \\$aWR13.144/5$b00$c20140418$lBLL01$h0927

