=LDR  01934 am a2200541 a 4500
=001  013053780
=003  Uk
=005  20050211114453.0
=006  m\\\\|\\\d\|\\\\\\
=007  cr||||||||||||
=008  041201s2004\\\\enk\\\\\s\\\\o|0|\0\eng\\
=FMT  \\$a  BK
=015  \\$aGBA512650$2bnb
=020  \\$a1852616148 (print) :$cNo price
=040  \\$aUk$beng$cUk
=042  \\$aukblsr
=082  04$a338.9421$222
=245  04$aThe GLA's submission to the treasury select committee inquiry into regional productivity$h[electronic resource].
=260  \\$aLondon :$bGreater London Authority,$c2004.
=336  \\$atext$2rdacontent
=337  \\$acomputer$2rdamedia
=338  \\$aonline resource$2rdacarrier
=490  1\$aWorking paper ;$v8
=538  \\$aMode of access: World Wide Web.
=538  \\$aSystem requirements: IBM compatible PC; Windows; Adobe Acrobat Reader.
=500  \\$aTitle from title screen.
=516  \\$aPDF format.
=530  \\$aAlso issued in print format.
=650  \0$aStrategic planning$zEngland$zLondon.
=650  \0$aEconomic planning$zEngland$zLondon.
=690  7\$aManagement and Business Studies$2blcoll
=710  2\$aGreater London Authority.
=710  2\$aGLA Economics.
=830  \0$aWorking paper (GLA Economics) ;$v8.
=856  4\$uhttp://www.london.gov.uk/mayor/economic_unit/docs/wp8_regional_productivity.pdf
=852  41$aBritish Library$bHMNTS$j415637$cDRT
=CAT  \\$a6524$b40$c20041201$lBLL01$h1042
=CAT  \\$a11281$b40$c20050211$lBLL01$h1144
=CAT  \\$aBATCH-UPD$b40$c20070912$lBLL01$h2021
=CAT  \\$aBATCH$b00$c20080505$lBLL01$h1319
=CAT  \\$aBATCH$b00$c20090611$lBLL01$h1714
=CAT  \\$aWR10_184$c20101208$lBLL01$h1635
=CAT  \\$aWR12-140$c20121030$lBLL01$h1048
=CAT  \\$aWR13.144/5$c20140418$lBLL01$h0927
=FIN  \\$aY$d20050211
=DRT  \\$aVDEP
=STA  \\$aSUPPRESSED$bWR10_184
=LAS  \\$aWR13.144/5$b00$c20140418$lBLL01$h0927

