=LDR  02170 am a2200577 a 4500
=001  013066483
=003  Uk
=005  20050216164455.0
=006  m\\\\|\\\d\|\\\\\\
=007  cr||||||||||||
=008  041217s2004\\\\enk||||\s||||\00|\0\eng\\
=FMT  \\$a  BK
=015  \\$aGBA514492$2bnb
=020  \\$a0954796837 :$cNo price
=040  \\$aUk$beng$cUk
=042  \\$aukblsr
=082  04$a362.808664209421$222
=100  1\$aStrange, Vicki.
=245  10$aIn the city$h[electronic resource]$ban evaluation of detached work in commercial venues and public sex environments /$cVicki Strange, Chris Bonell, Elaine Barnett-Page.
=260  \\$aLondon :$bSocial Science Research Unit, Institute of Education, University of London,$c2004.
=336  \\$atext$2rdacontent
=337  \\$acomputer$2rdamedia
=338  \\$aonline resource$2rdacarrier
=538  \\$aMode of access: World Wide Web.
=538  \\$aSystem requirements: IBM compatible PC; Windows; Adobe Acrobat Reader.
=500  \\$aTitle from PDF title page.
=516  \\$aPDF format.
=500  \\$aAlso issued in print format.
=650  \0$aSocial work with gays$zEngland$zLondon$xEvaluation.
=650  \0$aGay men$zEngland$zLondon$xSexual behavior.
=690  7\$aSocial Welfare$2blcoll
=700  1\$aBonell, Chris.
=700  1\$aBarnett-Page, Elaine.
=710  2\$aUniversity of London.$bSocial Science Research Unit.
=856  40$uhttp://www.ioe.ac.uk/ssru/reports/InTheCity.pdf
=852  41$aBritish Library$bHMNTS$j327767$cDRT
=CAT  \\$a7750$b40$c20041217$lBLL01$h1020
=CAT  \\$a8141$b40$c20050216$lBLL01$h1030
=CAT  \\$a8141$b40$c20050216$lBLL01$h1207
=CAT  \\$a5194$b40$c20050216$lBLL01$h1644
=CAT  \\$aBATCH-UPD$b40$c20070912$lBLL01$h2021
=CAT  \\$aBATCH$b00$c20080505$lBLL01$h1319
=CAT  \\$aWR10_184$c20101208$lBLL01$h1635
=CAT  \\$aBATCH$b00$c20110625$lBLL01$h0511
=CAT  \\$aBATCH-SWP4$c20110627$lBLL01$h1553
=CAT  \\$aWR12-140$c20121030$lBLL01$h1048
=CAT  \\$aWR13.144/5$c20140418$lBLL01$h0927
=FIN  \\$aY$d20050216
=DRT  \\$aVDEP
=STA  \\$aSUPPRESSED$bWR10_184
=LAS  \\$aWR13.144/5$b00$c20140418$lBLL01$h0927

