=LDR  01708 am a2200469 a 4500
=001  013067389
=003  Uk
=005  20050215143300.0
=006  m\\\\|\\\d\|\\\\\\
=007  cr||||||||||||
=008  041220s2004\\\\enk\\\\\s\\\\||0|\0\eng\\
=FMT  \\$a  BK
=015  \\$aGBA512956$2bnb
=020  \\$cNo price
=040  \\$aUk$beng$cUk
=042  \\$aukblsr
=082  04$a354.30941$222
=100  1\$aWilliams, Neil.
=245  10$aOrganisational and performance review of the Agriculture and Environment Biotechnology Commission$h[electronic resource] :$bfinal report /$cby Neil Williams.
=260  \\$a[London :$bDTI],$c2004.
=336  \\$atext$2rdacontent
=337  \\$acomputer$2rdamedia
=338  \\$aonline resource$2rdacarrier
=538  \\$aMode of access: World Wide Web.
=538  \\$aSystem requirements: IBM compatible PC; Windows; Adobe Acrobat Reader.
=500  \\$aTitle from title screen.
=516  \\$aPDF format.
=500  \\$aPublisher's no.: URN 04/1942.
=610  10$aGreat Britain.$bAgriculture and Environment Biotechnology Commission.
=856  4\$uhttp://www.ost.gov.uk/policy/bodies/AEBC_Review_Final_Report.pdf
=852  41$aBritish Library$bHMNTS$j327777$cDRT
=CAT  \\$a6524$b40$c20041220$lBLL01$h1048
=CAT  \\$a6524$b40$c20041220$lBLL01$h1051
=CAT  \\$a11281$b40$c20050215$lBLL01$h1433
=CAT  \\$aBATCH$b00$c20080505$lBLL01$h1319
=CAT  \\$aWR13.144/5$c20140418$lBLL01$h0927
=CAT  \\$aW1711-1225$c20171203$lBLL01$h1021
=CAT  \\$aBATCH-UPD$b00$c20171203$lBLL01$h1118
=FIN  \\$aY$d20050215
=DRT  \\$aVDEP
=STA  \\$aSUPPRESSED$bunable to determine reason for suppression
=LAS  \\$aBATCH-UPD$b00$c20171203$lBLL01$h1118

