=LDR  02024 am a2200553 a 4500
=001  013068137
=003  Uk
=005  20050124134515.0
=006  m\\\\|\\\d\|\\\\\\
=007  cr|c|\|||a||||
=008  041221s2004\\\\enk||||\s||||\00|\0\eng\\
=FMT  \\$a  BK
=015  \\$aGBA505872$2bnb
=020  \\$a1904877052 (e-book) :$c£5.99
=040  \\$aUk$beng$cUk
=042  \\$aukblsr
=082  04$a387.20941$222
=100  1\$aLee, Linda,$d1951-
=245  10$aMaritime heritage of Great Britain$h[electronic resource] /$cwritten by Linda Lee ; photographs by Laurie Jonas.
=260  \\$a[Sleaford] :$bHeritage Trail Publications,$cc2004.
=336  \\$atext$2rdacontent
=337  \\$acomputer$2rdamedia
=338  \\$aonline resource$2rdacarrier
=490  1\$aThe heritage trail explores
=538  \\$aMode of access: World Wide Web.
=538  \\$aSystem requirements: IBM compatible PC; Windows; Adobe Acrobat Reader.
=500  \\$aTitle from PDF title page.
=516  \\$aPDF format.
=530  \\$aAlso issued in formats for Microsoft, MobiPocket and Palm e-book readers.
=650  \0$aHistoric ships$zGreat Britain$vGuidebooks.
=650  \0$aHistoric ships$zGreat Britain$vPictorial works.
=700  1\$aJonas, Laurie.
=856  40$uhttp://www.theheritagetrail.co.uk |z Publisher's web address
=830  \4$aThe heritage trail explores
=852  41$aBritish Library$bHMNTS$cDRT$j327739
=CAT  \\$a10902$b40$c20041221$lBLL01$h0912
=CAT  \\$a8141$b40$c20050124$lBLL01$h1216
=CAT  \\$a8141$b40$c20050124$lBLL01$h1218
=CAT  \\$a8141$b40$c20050124$lBLL01$h1345
=CAT  \\$aBATCH-UPD$b40$c20070912$lBLL01$h2021
=CAT  \\$aBATCH$b00$c20080505$lBLL01$h1319
=CAT  \\$aBATCH$b00$c20091217$lBLL01$h0337
=CAT  \\$aWR10_184$c20101208$lBLL01$h1635
=CAT  \\$aWR12-140$c20121030$lBLL01$h1048
=CAT  \\$aWR13.144/5$c20140418$lBLL01$h0927
=FIN  \\$aY$d2005-01-24
=DRT  \\$aVDEP
=STA  \\$aSUPPRESSED$bWR10_184
=LAS  \\$aWR13.144/5$b00$c20140418$lBLL01$h0927

