=LDR  01524 am a2200433 a 4500
=001  013070610
=003  Uk
=005  20050215093959.0
=006  m\\\\|\\\d\|\\\\\\
=007  cr||||||||||||
=008  041222s2004\\\\enk\\\\\s\\\\||0|\0\eng\\
=FMT  \\$a  BK
=015  \\$aGBA512914$2bnb
=020  \\$cNo price
=040  \\$aUk$beng$cUk
=042  \\$aukblsr
=082  04$a004.6780941$222
=100  1\$aDavies, William.
=245  10$aIs online community a policy tool ?$h[electronic resource] /$cWilliam Davies.
=260  \\$a[London] :$bIPPR,$c2004.
=336  \\$atext$2rdacontent
=337  \\$acomputer$2rdamedia
=338  \\$aonline resource$2rdacarrier
=538  \\$aSystem requirements: IBM compatible PC; Windows; Adobe Acrobat Reader.
=500  \\$aTitle from title screen.
=516  \\$aPDF format.
=650  \0$aInternet$xGovernment policy$zGreat Britain.
=710  2\$aInstitute of Public Policy Research.
=856  4\$uhttp://www.ippr.org/research/files/team34/project214/is%20online%20community%20a%20policy%20tool%20-%20William%20Davies.pdf
=852  41$aBritish Library$bHMNTS$j327768$cDRT
=CAT  \\$a7750$b40$c20041222$lBLL01$h0827
=CAT  \\$a11281$b40$c20050215$lBLL01$h0939
=CAT  \\$aBATCH$b00$c20080505$lBLL01$h1319
=CAT  \\$aWR13.144/5$c20140418$lBLL01$h0927
=CAT  \\$aW1711-1225$c20171203$lBLL01$h1021
=FIN  \\$aY$d20050215
=DRT  \\$aVDEP
=STA  \\$aSUPPRESSED$bunable to determine reason for suppression
=LAS  \\$aW1711-1225$b00$c20171203$lBLL01$h1021

