=LDR  02091 am a2200565 a 4500
=001  013070621
=003  Uk
=005  20050203142848.0
=006  m\\\\|\\\d\|\\\\\\
=007  cr||||||||||||
=008  041222s2004\\\\enk||||\s||||\00|\0\eng\\
=FMT  \\$a  BK
=015  \\$aGBA508210$2bnb
=040  \\$aUk$beng$cUk
=042  \\$aukblsr
=082  04$a363.348$222
=100  1\$aHarmer, Adele.
=245  10$aFrom Stockholm to Ottawa$h[electronic resource] :$ba progress review of the Good Humanitarian Donorship initiative /$cAdele Harmer and Lin Cotterrell, Abby Stoddard.
=260  \\$aLondon :$bOverseas Development Institute,$c2004.
=336  \\$atext$2rdacontent
=337  \\$acomputer$2rdamedia
=338  \\$aonline resource$2rdacarrier
=490  1\$aHPG research briefing ;$vno. 18
=538  \\$aMode of access: World Wide Web.
=538  \\$aSystem requirements: IBM compatible PC; Windows; Adobe Acrobat Reader.
=500  \\$aTitle from first page of PDF file.
=516  \\$aPDF format.
=530  \\$aAlso issued in print format.
=650  \0$aHumanitarian assistance$xEvaluation.
=700  1\$aCotterrell, Lin.
=700  1\$aStoddard, Abby,$d1966-
=710  2\$aOverseas Development Institute (London, England).$bHumanitarian Policy Group.
=856  40$uhttp://www.odi.org.uk/hpg/papers/HPGbrief18.pdf
=830  \0$aHPG research briefing ;$vno. 18
=852  41$aBritish Library$bHMNTS$j327765$cDRT
=CAT  \\$a7750$b40$c20041222$lBLL01$h0850
=CAT  \\$a8141$b40$c20050131$lBLL01$h1534
=CAT  \\$a8141$b40$c20050131$lBLL01$h1535
=CAT  \\$a5194$b40$c20050203$lBLL01$h1428
=CAT  \\$aBATCH-UPD$b40$c20070912$lBLL01$h2021
=CAT  \\$aBATCH$b00$c20080505$lBLL01$h1319
=CAT  \\$aBATCH$b00$c20091217$lBLL01$h0337
=CAT  \\$a8964$b40$c20091222$lBLL01$h1144
=CAT  \\$aWR10_184$c20101208$lBLL01$h1635
=CAT  \\$aWR12-140$c20121030$lBLL01$h1048
=CAT  \\$aWR13.144/5$c20140418$lBLL01$h0927
=FIN  \\$aY$d20050131
=DRT  \\$aVDEP
=STA  \\$aSUPPRESSED$bWR10_184
=LAS  \\$aWR13.144/5$b00$c20140418$lBLL01$h0927

