=LDR  01654 am a2200457 a 4500
=001  013070638
=003  Uk
=005  20081013120108.0
=006  m\\\\|\\\d\|\\\\\\
=007  cr||||||||||||
=008  041222s2004\\\\enk||||\s||||o00|\0\eng\\
=FMT  \\$a  BK
=015  \\$aGBA514517$2bnb
=020  \\$a0101635826 (print) :$c£14.50
=040  \\$aUk$beng$cUk
=042  \\$aukblsr
=082  04$a323.60941$222
=245  00$aIdentity cards$h[electronic resource] :$ba summary of findings from the consultation on legislation on identity cards.
=260  \\$aNorwich :$bTSO (The Stationery Office),$c2004.
=336  \\$atext$2rdacontent
=337  \\$acomputer$2rdamedia
=338  \\$aonline resource$2rdacarrier
=500  \\$aMode of access: World Wide Web.
=516  \\$aSystem requirements: IBM compatible PC; Windows; Adobe Acrobat Reader.
=520  \\$aTitle from PDF title page.
=530  \\$aPDF format.
=500  \\$aPublisher's no.: Cm 6358.
=500  \\$aPresented to Parliament October 2004.
=650  \0$aIdentification cards$zGreat Britain$xPublic opinion.
=856  40$uhttp://www.homeoffice.gov.uk/docs3/id_summary_doc_3.pdf
=852  41$aBritish Library$bHMNTS$j327766$cDRT
=CAT  \\$a7750$b40$c20041222$lBLL01$h0915
=CAT  \\$a8141$b40$c20050216$lBLL01$h1303
=CAT  \\$aBATCH$b00$c20080505$lBLL01$h1319
=CAT  \\$a8874$b40$c20081013$lBLL01$h1201
=CAT  \\$aWR13.144/5$c20140418$lBLL01$h0927
=CAT  \\$aW1711-1225$c20171203$lBLL01$h1021
=FIN  \\$aY$d20050216
=DRT  \\$aVDEP
=STA  \\$aSUPPRESSED$bunable to determine reason for suppression
=LAS  \\$aW1711-1225$b00$c20171203$lBLL01$h1021

