=LDR  01946 am a2200517 a 4500
=001  013078780
=003  Uk
=005  20050217123609.0
=006  m\\\\|\\\d\|\\\\\\
=007  cr||||||||||||
=008  050111s2004\\\\enk||||\s||||o00|\0\eng\\
=FMT  \\$a  BK
=015  \\$aGBA514607$2bnb
=020  \\$cNo price
=040  \\$aUk$beng$cUk
=042  \\$aukblsr
=082  04$a363.72890942714$222
=245  00$aDirections to the Nuclear Decommissioning Authority (the NDA) in respect of the Capenhurst nuclear site$h[electronic resource] :$bmade under section 3 of the Energy Act 2004.
=246  1\$iAt head of title page:$aEnergy Act 2004.
=260  \\$a[London :$bDTI,$c2004].
=336  \\$atext$2rdacontent
=337  \\$acomputer$2rdamedia
=338  \\$aonline resource$2rdacarrier
=538  \\$aMode of access: World Wide Web.
=538  \\$aSystem requirements: IBM compatible PC; Windows; Microsoft Word.
=500  \\$aTitle from first page of Word file.
=516  \\$aWord for Windows format.
=500  \\$aPublisher's no.: URN 04/1989.
=610  10$aGreat Britain.$bNuclear Decommissioning Authority.
=650  \0$aNuclear facilities$xDecommissioning$zCheshire$zCapenhurst.
=856  40$uhttp://www.dti.gov.uk/nuclearcleanup/ach/designationcapenhurst.doc
=852  41$aBritish Library$bHMNTS$cDRT$j329563
=CAT  \\$a10902$b40$c20050111$lBLL01$h1112
=CAT  \\$a10902$b40$c20050111$lBLL01$h1113
=CAT  \\$a8141$b40$c20050217$lBLL01$h1142
=CAT  \\$a8141$b40$c20050217$lBLL01$h1236
=CAT  \\$aBATCH-UPD$b40$c20070912$lBLL01$h2021
=CAT  \\$aBATCH$b00$c20080505$lBLL01$h1319
=CAT  \\$aWR10_184$c20101208$lBLL01$h1635
=CAT  \\$aWR12-140$c20121030$lBLL01$h1048
=CAT  \\$aWR13.144/5$c20140418$lBLL01$h0928
=CAT  \\$aBATCH-UPD$b00$c20201003$lBLL01$h1718
=FIN  \\$aY$d20050217
=DRT  \\$aVDEP
=STA  \\$aSUPPRESSED$bWR10_184
=LAS  \\$aBATCH-UPD$b00$c20201003$lBLL01$h1718

