=LDR  01940 am a2200505 a 4500
=001  013078908
=003  Uk
=005  20050217103139.0
=006  m\\\\|\\\d\|\\\\\\
=007  cr||||||||||||
=008  050111s2004\\\\enk||||\s||||o00|\0\eng\\
=FMT  \\$a  BK
=015  \\$aGBA514576$2bnb
=020  \\$cNo price
=040  \\$aUk$beng$cUk
=042  \\$aukblsr
=082  04$a363.728909422395$222
=245  00$aDirections to the Nuclear Decommissioning Authority (the NDA) in respect of the Dungeness A nuclear site$h[electronic resource] :$bmade under sections 3, 4 and 16 of the Energy Act 2004.
=246  1\$iAt head of title page:$aEnergy Act 2004.
=260  \\$a[London :$bDTI,$c2004].
=336  \\$atext$2rdacontent
=337  \\$acomputer$2rdamedia
=338  \\$aonline resource$2rdacarrier
=538  \\$aMode of access: World Wide Web.
=538  \\$aSystem requirements: IBM compatible PC; Windows; Microsoft Word.
=500  \\$aTitle from first page of Word file.
=516  \\$aWord for Windows format.
=500  \\$aPublisher's no.: URN 04/1993.
=610  10$aGreat Britain.$bNuclear Decommissioning Authority.
=650  \0$aNuclear facilities$xDecommissioning$zEngland$zDungeness.
=856  40$uhttp://www.dti.gov.uk/nuclearcleanup/ach/designationdungenessa.doc
=852  41$aBritish Library$bHMNTS$cDRT$j329555
=CAT  \\$a10902$b40$c20050111$lBLL01$h1142
=CAT  \\$a10902$b40$c20050111$lBLL01$h1144
=CAT  \\$a8141$b40$c20050217$lBLL01$h0939
=CAT  \\$a8141$b40$c20050217$lBLL01$h0948
=CAT  \\$a8141$b40$c20050217$lBLL01$h1031
=CAT  \\$aBATCH$b00$c20080505$lBLL01$h1319
=CAT  \\$aWR13.144/5$c20140418$lBLL01$h0928
=CAT  \\$aW1711-1225$c20171203$lBLL01$h1021
=CAT  \\$aBATCH-UPD$b00$c20171203$lBLL01$h1119
=FIN  \\$aY$d20050217
=DRT  \\$aVDEP
=STA  \\$aSUPPRESSED$bunable to determine reason for suppression
=LAS  \\$aBATCH-UPD$b00$c20171203$lBLL01$h1119

