=LDR  01868 am a2200493 a 4500
=001  013078982
=003  Uk
=005  20050216170919.0
=006  m\\\\|\\\d\|\\\\\\
=007  cr||||||||||||
=008  050111s2004\\\\enk\\\\\s\\\\o|0|\0\eng\\
=FMT  \\$a  BK
=015  \\$aGBA514512$2bnb
=040  \\$aUk$beng$cUk
=042  \\$aukblsr
=082  04$a363.7289094278$222
=245  00$aDirections to the Nuclear Decommissioning Authority (NDA) in respect of Sellafield nuclear site$h[electronic resource] :$bMade under sections 3, 4 and 16 of the Energy Act 2004.
=246  1\$iAt head of title page:$aEnergy Act 2004.
=260  \\$a[London :$bDTI],$c2004.
=336  \\$atext$2rdacontent
=337  \\$acomputer$2rdamedia
=338  \\$aonline resource$2rdacarrier
=538  \\$aMode of access: World Wide Web.
=538  \\$aSystem requirements: IBM compatible PC; Windows.
=500  \\$aTitle from title screen.
=516  \\$aWord format.
=500  \\$aPublisher's no.: URN 04/1998.
=610  10$aGreat Britain.$bNuclear Decommissioning Authority.
=650  \0$aNuclear facilities$xDecommissioning$zEngland$zSellafield.
=856  4\$uhttp://www.dti.gov.uk/nuclearcleanup/ach/designationsellafield.doc
=852  41$aBritish Library$bHMNTS$cDRT$j329557
=CAT  \\$a10902$b40$c20050111$lBLL01$h1204
=CAT  \\$a10902$b40$c20050111$lBLL01$h1205
=CAT  \\$a11281$b40$c20050216$lBLL01$h1246
=CAT  \\$a5194$b40$c20050216$lBLL01$h1709
=CAT  \\$aUE-01$b00$c20050216$lBLL01$h1822
=CAT  \\$aBATCH$b00$c20080505$lBLL01$h1319
=CAT  \\$aWR13.144/5$c20140418$lBLL01$h0928
=CAT  \\$aW1711-1225$c20171203$lBLL01$h1021
=CAT  \\$aBATCH-UPD$b00$c20171203$lBLL01$h1119
=FIN  \\$aY$d20050216
=DRT  \\$aVDEP
=STA  \\$aSUPPRESSED$bunable to determine reason for suppression
=LAS  \\$aBATCH-UPD$b00$c20171203$lBLL01$h1119

