=LDR  01770 am a2200505 a 4500
=001  013114572
=003  Uk
=005  20050316145515.0
=006  m\\\\|\\\d\|\\\\\\
=007  cr||||||||||||
=008  050217s2004\\\\wlk\\\\\s\\\\||0|\0\eng\\
=FMT  \\$a  BK
=015  \\$aGBA524173$2bnb
=020  \\$cNo price
=040  \\$aUk$beng$cUk
=042  \\$aukblsr
=082  04$a720.71141$222
=100  1\$aSara, Rachel.
=245  14$aThe review process$h[electronic resource] /$cRachel Sara, Rosie Parnell.
=260  \\$a[Cardiff] :$bCEBE,$c2004.
=336  \\$atext$2rdacontent
=337  \\$acomputer$2rdamedia
=338  \\$aonline resource$2rdacarrier
=490  1\$aCEBE briefing guide series ;$vno. 3
=538  \\$aMode of access: World Wide Web.
=538  \\$aSystem requirements: IBM compatible PC; Windows; Adobe Acrobat Reader.
=500  \\$aTitle from title screen.
=516  \\$aPDF format.
=650  \0$aArchitecture$xStudy and teaching$zGreat Britain.
=700  1\$aParnell, Rosie.
=710  2\$aCentre for Education in the Built Environment.
=856  4\$uhttp://www.cebe.heacademy.ac.uk/publications/briefguides/pdf/BriefingGuide_03.pdf
=830  \0$aCEBE briefing guide series ;$vno. 3
=852  41$aBritish Library$bHMNTS$j344965$cDRT
=CAT  \\$a7750$b40$c20050217$lBLL01$h1140
=CAT  \\$a11281$b40$c20050316$lBLL01$h1454
=CAT  \\$a11281$b40$c20050316$lBLL01$h1455
=CAT  \\$aBATCH$b00$c20080505$lBLL01$h1319
=CAT  \\$aBATCH$b00$c20091217$lBLL01$h0343
=CAT  \\$aWR13.144/5$c20140418$lBLL01$h0929
=CAT  \\$aW1711-1225$c20171203$lBLL01$h1021
=FIN  \\$aY$d20050316
=DRT  \\$aVDEP
=STA  \\$aSUPPRESSED$bunable to determine reason for suppression
=LAS  \\$aW1711-1225$b00$c20171203$lBLL01$h1021

