=LDR  02135 am a2200589 a 4500
=001  013116511
=003  Uk
=005  20070228134527.0
=006  m\\\\|\\\d\|\\\\\\
=007  cr|||\|||a||||
=008  050221s2005\\\\enk||||\s||||\00|\0\eng\\
=FMT  \\$a  BK
=015  \\$aGBA520047$2bnb
=020  \\$a1859353002 (printed) :$cNo price
=040  \\$aUk$beng$cUk
=042  \\$aukblsr
=082  04$a332.7430869420941$222
=100  1\$aBrooker, Steve.
=245  10$aLocked in, kept out$h[electronic resource] :$bthe extent of competition within the UK home credit industry /$cSteve Brooker and Claire Whyley.
=260  \\$aYork :$bJoseph Rowntree Foundation,$c2005.
=336  \\$atext$2rdacontent
=337  \\$acomputer$2rdamedia
=338  \\$aonline resource$2rdacarrier
=538  \\$aMode of access: World Wide Web.
=538  \\$aSystem requirements: IBM compatible PC; Windows; Adobe Acrobat Reader.
=500  \\$aTitle from PDF title page.
=516  \\$aPDF format.
=530  \\$aAlso issued in print format.
=650  \0$aConsumer credit$zGreat Britain.
=650  \0$aLow-income consumers$zGreat Britain.
=650  \0$aCompetition$zGreat Britain.
=690  7\$aManagement and Business Studies$2blcoll
=700  1\$aWhyley, Claire.
=856  40$uhttp://www.jrf.org.uk/bookshop/eBooks/1859353002.pdf
=852  41$aBritish Library$bHMNTS$j344936$cDRT
=CAT  \\$a6524$b40$c20050221$lBLL01$h1202
=CAT  \\$a6524$b40$c20050221$lBLL01$h1210
=CAT  \\$a8141$b40$c20050308$lBLL01$h1024
=CAT  \\$a5194$b40$c20050308$lBLL01$h1155
=CAT  \\$a12324$b40$c20050914$lBLL01$h1109
=CAT  \\$a12324$b40$c20050914$lBLL01$h1111
=CAT  \\$a6989$b40$c20070228$lBLL01$h1345
=CAT  \\$aBATCH-UPD$b40$c20070912$lBLL01$h2021
=CAT  \\$aBATCH$b00$c20080505$lBLL01$h1319
=CAT  \\$aBATCH$b00$c20090611$lBLL01$h1716
=CAT  \\$aWR10_184$c20101208$lBLL01$h1635
=CAT  \\$aWR12-140$c20121030$lBLL01$h1048
=CAT  \\$aWR13.144/5$c20140418$lBLL01$h0929
=FIN  \\$aY$d20050308
=DRT  \\$aVDEP
=STA  \\$aSUPPRESSED$bWR10_184
=LAS  \\$aWR13.144/5$b00$c20140418$lBLL01$h0929

