=LDR  01951 am a2200565 a 4500
=001  013126196
=003  Uk
=005  20050311145650.0
=006  m\\\\|\\\d\|\\\\\\
=007  cr|||||||a||||
=008  050303s2004\\\\enk\\\\\s\\\\o000\0\eng\\
=FMT  \\$a  BK
=015  \\$aGBA520069$2bnb
=020  \\$cNo price
=040  \\$aUk$beng$cUk
=082  04$a333.7915$222
=245  02$aA strategic framework for hydrogen energy in the UK$h[electronic resource] :$bfinal report.
=250  \\$a2004
=260  \\$a[London :$bDTI],$c2004.
=336  \\$atext$2rdacontent
=337  \\$acomputer$2rdamedia
=338  \\$aonline resource$2rdacarrier
=538  \\$aMode of access: World Wide Web.
=538  \\$aSystem requirements: IBM compatible PC; Windows; Adobe Acrobat Reader.
=500  \\$aTitle from PDF title screen.
=516  \\$aPDF format.
=650  \0$aHydrogen as fuel.
=650  \0$aRenewable energy sources$zGreat Britain.
=710  1\$aGreat Britain.$bDepartment of Trade and Industry.
=710  2\$aE4tech (Firm)
=710  2\$aElementenergy (Firm)
=710  2\$aEoin Lees Energy (Firm)
=856  40$uhttp://www.dti.gov.uk/energy/sepn/hydrogen_framework_full.pdf
=852  41$aBritish Library$bHMNTS$j346026$cDRT
=985  \\$aRecord amended for WR# 13/070
=CAT  \\$a6524$b40$c20050303$lBLL01$h0936
=CAT  \\$a6524$b40$c20050303$lBLL01$h0939
=CAT  \\$a7332$b40$c20050311$lBLL01$h1131
=CAT  \\$a5194$b40$c20050311$lBLL01$h1456
=CAT  \\$aBATCH-UPD$b40$c20070723$lBLL01$h1549
=CAT  \\$aBATCH-UPD$b40$c20070912$lBLL01$h2021
=CAT  \\$aBATCH$b00$c20080505$lBLL01$h1319
=CAT  \\$aWR10_184$c20101208$lBLL01$h1635
=CAT  \\$aWR12-140$c20121030$lBLL01$h1048
=CAT  \\$aWR13_070$b00$c20130504$lBLL01$h0237
=CAT  \\$aWR13.144/5$c20140418$lBLL01$h0929
=FIN  \\$aY$d20050311
=DRT  \\$aVDEP
=STA  \\$aSUPPRESSED$bWR10_184
=LAS  \\$aWR13.144/5$b00$c20140418$lBLL01$h0929

