=LDR  01861 am a2200517 a 4500
=001  013126343
=003  Uk
=005  20050307163405.0
=006  m\\\\|\\\d\|\\\\\\
=007  cr|||||||a||||
=008  050303s2005\\\\enk\\\\\s\\\\o000\0\eng\\
=FMT  \\$a  BK
=015  \\$aGBA520014$2bnb
=020  \\$cNo price
=040  \\$aUk$beng$cUk
=042  \\$aukblsr
=082  04$a346.41073$222
=245  00$aConsumer credit law$h[electronic resource] :$ba consultation on a proposed European consumer credit directive.
=260  \\$a[London] :$bDTI,$c2005.
=336  \\$atext$2rdacontent
=337  \\$acomputer$2rdamedia
=338  \\$aonline resource$2rdacarrier
=538  \\$aMode of access: World Wide Web.
=538  \\$aSystem requirements: IBM compatible PC; Windows; Adobe Acrobat Reader.
=500  \\$aTitle from PDF title screen.
=516  \\$aPDF format.
=500  \\$aURN 05/834.
=650  \0$aConsumer credit$xLaw and legislation$zEuropean Union countries.
=650  \0$aConsumer protection$xLaw and legislation$zEuropean Union countries.
=710  1\$aGreat Britain.$bDepartment of Trade and Industry.
=856  40$uhttp://www.dti.gov.uk/ccp/consultpdf/creditdircondoc.pdf
=852  41$aBritish Library$bHMNTS$j346028$cDRT
=985  \\$aRecord amended for WR# 13/070
=CAT  \\$a6524$b40$c20050303$lBLL01$h1100
=CAT  \\$a6524$b40$c20050303$lBLL01$h1101
=CAT  \\$a7332$b40$c20050307$lBLL01$h1634
=CAT  \\$aBATCH-UPD$b40$c20070912$lBLL01$h2021
=CAT  \\$aBATCH$b00$c20080505$lBLL01$h1319
=CAT  \\$aWR10_184$c20101208$lBLL01$h1635
=CAT  \\$aWR12-140$c20121030$lBLL01$h1048
=CAT  \\$aWR13_070$b00$c20130504$lBLL01$h0237
=CAT  \\$aWR13.144/5$c20140418$lBLL01$h0929
=FIN  \\$aY$d20050307
=DRT  \\$aVDEP
=STA  \\$aSUPPRESSED$bWR10_184
=LAS  \\$aWR13.144/5$b00$c20140418$lBLL01$h0929

