=LDR  01933 am a22005415a 4500
=001  013126376
=003  Uk
=005  20050316112006.0
=006  m\\\\|\\\d\|\\\\\\
=007  cr||||||||||||
=008  050303s2005\\\\enk\\\\\s\\\\o|0|\0\eng\\
=FMT  \\$a  BK
=015  \\$aGBA524116$2bnb
=020  \\$cNo price
=040  \\$aUk$beng$cUk
=042  \\$aukblsr
=082  04$a344.410189$222
=245  00$aInforming and consulting employees$h[electronic resource] :$ba brief guide to the new legislation.
=260  \\$a[London :$bDTI,$c2005].
=336  \\$atext$2rdacontent
=337  \\$acomputer$2rdamedia
=338  \\$aonline resource$2rdacarrier
=538  \\$aMode of access: World Wide Web.
=538  \\$aSystem requirements: IBM compatible PC; Windows.
=500  \\$aTitle from title screen.
=516  \\$aWord format.
=500  \\$a[Publisher's no.: URN 05/596].
=650  \0$aEmployee rights$zGreat Britain.
=650  \0$aLabor laws and legislation$zGreat Britain.
=650  \0$aManagement$xEmployee participation$xLaw and legislation$zGreat Britain.
=710  1\$aGreat Britain.$bDepartment of Trade and Industry.
=856  4\$uhttp://www.dti.gov.uk/er/consultation/brief_guide_jan_05.doc
=852  41$aBritish Library$bHMNTS$cDRT$j346030
=985  \\$aRecord amended for WR# 13/070
=CAT  \\$a6524$b40$c20050303$lBLL01$h1114
=CAT  \\$a6524$b40$c20050303$lBLL01$h1117
=CAT  \\$a11281$b40$c20050316$lBLL01$h1120
=CAT  \\$aBATCH-UPD$b40$c20070723$lBLL01$h1549
=CAT  \\$aBATCH-UPD$b40$c20070912$lBLL01$h2021
=CAT  \\$aBATCH$b00$c20080505$lBLL01$h1319
=CAT  \\$aWR10_184$c20101208$lBLL01$h1635
=CAT  \\$aWR12-140$c20121030$lBLL01$h1048
=CAT  \\$aWR13_070$b00$c20130504$lBLL01$h0237
=CAT  \\$aWR13.144/5$c20140418$lBLL01$h0929
=FIN  \\$aY$d20050316
=DRT  \\$aVDEP
=STA  \\$aSUPPRESSED$bWR10_184
=LAS  \\$aWR13.144/5$b00$c20140418$lBLL01$h0929

