=LDR  01866 am a2200517 a 4500
=001  013126452
=003  Uk
=005  20130725094240.0
=006  m\\\\|\\\d\|\\\\\\
=007  cr||||||||||||
=008  050303s2005\\\\enk\\\\\s\\\\o|0|\0\eng\\
=FMT  \\$a  BK
=015  \\$aGBA522215$2bnb
=020  \\$cNo price
=040  \\$aUk$beng$cUk
=042  \\$aukblsr
=082  04$a333.82330941$222
=245  00$aNational Grid Transco$h[electronic resource] :$bpotential sale of gas distribution networks : statement of reasons following the secretary of state's decision.
=260  \\$a[London? :$bDTI?,$c2005].
=336  \\$atext$2rdacontent
=337  \\$acomputer$2rdamedia
=338  \\$aonline resource$2rdacarrier
=538  \\$aMode of access: World Wide Web.
=538  \\$aSystem requirements: IBM compatible PC; Windows; Adobe Acrobat Reader.
=500  \\$aTitle from PDF title screen.
=516  \\$aPDF format.
=500  \\$aPublisher's no.: URN 05/845.
=610  20$aNational Grid Transco.
=650  \0$aGas industry$zGreat Britain.
=856  4\$uhttp://www.dti.gov.uk/energy/publications/policy/sale_gas_dist_networks_reasons.pdf
=852  41$aBritish Library$bHMNTS$j346036$cDRT
=CAT  \\$a6524$b40$c20050303$lBLL01$h1200
=CAT  \\$a6524$b40$c20050303$lBLL01$h1201
=CAT  \\$a11281$b40$c20050310$lBLL01$h1133
=CAT  \\$a11281$b40$c20050310$lBLL01$h1140
=CAT  \\$aBATCH-UPD$b40$c20070912$lBLL01$h2021
=CAT  \\$aBATCH$b00$c20080505$lBLL01$h1319
=CAT  \\$aWR10_184$c20101208$lBLL01$h1635
=CAT  \\$aWR12-140$c20121030$lBLL01$h1048
=CAT  \\$a8962$b40$c20130725$lBLL01$h0942
=CAT  \\$aBATCH-UPD$b40$c20130725$lBLL01$h0948
=CAT  \\$aWR13.144/5$c20140418$lBLL01$h0929
=FIN  \\$aY$d20050310
=DRT  \\$aVDEP
=STA  \\$aSUPPRESSED$bWR10_184
=LAS  \\$aWR13.144/5$b00$c20140418$lBLL01$h0929

