=LDR  02048 am a2200565 a 4500
=001  013126462
=003  Uk
=005  20050314105909.0
=006  m\\\\|\\\d\|\\\\\\
=007  cr||||||||||||
=008  050303s2004\\\\enk\\\\\s\\\\o|0|\0\eng\\
=FMT  \\$a  BK
=015  \\$aGBA522492$2bnb
=020  \\$cNo price
=040  \\$aUk$beng$cUk
=042  \\$aukblsr
=082  04$a658.1512$222
=245  00$aOperating and financial review and directors' report regulations$h[electronic resource] :$bgovernment response to public consultation.
=260  \\$a[London] :$bDTI,$c2004.
=336  \\$atext$2rdacontent
=337  \\$acomputer$2rdamedia
=338  \\$aonline resource$2rdacarrier
=538  \\$aMode of access: World Wide Web.
=538  \\$aSystem requirements: IBM compatible PC; Windows; Adobe Acrobat Reader.
=500  \\$aTitle from PDF title screen.
=516  \\$aPDF format.
=500  \\$aPublisher's no.: URN 04/1822.
=690  7\$aManagement and Business Studies$2blcoll
=650  \0$aCorporation reports$zGreat Britain.
=650  \0$aDirectors of corporations$zGreat Britain.
=710  1\$aGreat Britain.$bDepartment of Trade and Industry.
=856  4\$uhttp://www.dti.gov.uk/cld/21_12_gov_response.pdf
=852  41$aBritish Library$bHMNTS$j346037$cDRT
=985  \\$aRecord amended for WR# 13/070
=CAT  \\$a6524$b40$c20050303$lBLL01$h1208
=CAT  \\$a6524$b40$c20050303$lBLL01$h1209
=CAT  \\$a11281$b40$c20050314$lBLL01$h0942
=CAT  \\$a11281$b40$c20050314$lBLL01$h1059
=CAT  \\$aBATCH-UPD$b40$c20070723$lBLL01$h1549
=CAT  \\$aBATCH-UPD$b40$c20070912$lBLL01$h2021
=CAT  \\$aBATCH$b00$c20080505$lBLL01$h1319
=CAT  \\$aBATCH$b00$c20090611$lBLL01$h1716
=CAT  \\$aWR10_184$c20101208$lBLL01$h1635
=CAT  \\$aWR12-140$c20121030$lBLL01$h1048
=CAT  \\$aWR13_070$b00$c20130504$lBLL01$h0237
=CAT  \\$aWR13.144/5$c20140418$lBLL01$h0929
=FIN  \\$aY$d20050314
=DRT  \\$aVDEP
=STA  \\$aSUPPRESSED$bWR10_184
=LAS  \\$aWR13.144/5$b00$c20140418$lBLL01$h0929

