=LDR  01985 am a2200529 a 4500
=001  013126470
=003  Uk
=005  20050407090308.0
=006  m\\\\|\\\d\|\\\\\\
=007  cr|||||||a||||
=008  050303s2005\\\\enk\\\\\s\\\\\000\0\eng\\
=FMT  \\$a  BK
=015  \\$aGBA520089$2bnb
=040  \\$aUk$beng$cUk
=042  \\$aukblsr
=082  04$a338.6420941$222
=245  00$aRegulation and small firm performance and growth$h[electronic resource] :$ba review of the literature.
=260  \\$a[London :$bSmall Business Research Centre, Kingston University],$c2005.
=336  \\$atext$2rdacontent
=337  \\$acomputer$2rdamedia
=338  \\$aonline resource$2rdacarrier
=538  \\$aMode of access: World Wide Web.
=538  \\$aSystem requirements: IBM compatible PC; Windows; Adobe Acrobat Reader.
=500  \\$aTitle from PDF title screen.
=516  \\$aPDF format.
=650  \0$aSmall business$xGovernment policy$zGreat Britain.
=650  \0$aCommercial law$zGreat Britain.
=690  7\$aManagement and Business Studies$2blcoll
=710  2\$aKingston Business School (London, England).$bSmall Business Research Centre.
=856  40$uhttp://www.sbs.gov.uk/content/analytical/litreviewsmes.pdf
=852  41$aBritish Library$bHMNTS$j346038$cDRT
=CAT  \\$a6524$b40$c20050303$lBLL01$h1213
=CAT  \\$a6524$b40$c20050303$lBLL01$h1214
=CAT  \\$a7332$b40$c20050308$lBLL01$h1401
=CAT  \\$a5194$b40$c20050407$lBLL01$h0903
=CAT  \\$aUE-01$b00$c20050407$lBLL01$h0930
=CAT  \\$aBATCH-UPD$b00$c20070912$lBLL01$h2021
=CAT  \\$aBATCH$b00$c20080505$lBLL01$h1320
=CAT  \\$aBATCH-UPD$b00$c20080702$lBLL01$h1601
=CAT  \\$aBATCH$b00$c20090611$lBLL01$h1716
=CAT  \\$aWR10_184$c20101208$lBLL01$h1635
=CAT  \\$aWR12-140$c20121030$lBLL01$h1048
=CAT  \\$aWR13.144/5$c20140418$lBLL01$h0929
=FIN  \\$aY$d20050308
=DRT  \\$aVDEP
=STA  \\$aSUPPRESSED$bWR10_184
=LAS  \\$aWR13.144/5$b00$c20140418$lBLL01$h0929

