=LDR  02059 am a2200529 a 4500
=001  013126970
=003  Uk
=005  20050316103613.0
=006  m\\\\|\\\d\|\\\\\\
=007  cr||n\|||a||||
=008  050304s2004\\\\enk||||\s||||o00|\0\eng\\
=FMT  \\$a  BK
=015  \\$aGBA524109$2bnb
=020  \\$cNo price
=040  \\$aUk$beng$cUk
=042  \\$aukblsr
=082  04$a344.410189$222
=245  00$aRegulations to establish a general framework for informing and consulting employees in the UK$h[electronic resource] :$bfinal regulatory impact assessment.
=260  \\$a[London] :$bDTI, Employment Relations Directorate,$c2004.
=336  \\$atext$2rdacontent
=337  \\$acomputer$2rdamedia
=338  \\$aonline resource$2rdacarrier
=538  \\$aMode of access: World Wide Web.
=538  \\$aSystem requirements: IBM compatible PC; Windows; Adobe Acrobat Reader.
=500  \\$aTitle from p.1 of PDF file.
=516  \\$aPDF format.
=650  \0$aLabor laws and legislation$zGreat Britain.
=650  \0$aManagement$xEmployee participation$xEconomic aspects$zGreat Britain.
=650  \0$aManagement$xEmployee participation$xLaw and legislation$zGreat Britain.
=710  1\$aGreat Britain.$bDepartment of Trade and Industry.$bEmployment Relations Directorate.
=856  40$uhttp://www.dti.gov.uk/er/emar/inform_consult_ria.pdf
=852  41$aBritish Library$bHMNTS$j346039$cDRT
=985  \\$aRecord amended for WR# 13/070
=CAT  \\$a6524$b40$c20050304$lBLL01$h1000
=CAT  \\$a6524$b40$c20050304$lBLL01$h1002
=CAT  \\$a6524$b40$c20050304$lBLL01$h1024
=CAT  \\$a8141$b40$c20050316$lBLL01$h1036
=CAT  \\$aBATCH-UPD$b40$c20070912$lBLL01$h2021
=CAT  \\$aBATCH$b00$c20080505$lBLL01$h1320
=CAT  \\$aWR10_184$c20101208$lBLL01$h1635
=CAT  \\$aWR12-140$c20121030$lBLL01$h1048
=CAT  \\$aWR13_070$b00$c20130504$lBLL01$h0237
=CAT  \\$aWR13.144/5$c20140418$lBLL01$h0929
=FIN  \\$aY$d20050316
=DRT  \\$aVDEP
=STA  \\$aSUPPRESSED$bWR10_184
=LAS  \\$aWR13.144/5$b00$c20140418$lBLL01$h0929

