=LDR  01884 am a2200517 a 4500
=001  013126992
=003  Uk
=005  20050316094322.0
=006  m\\\\|\\\d\|\\\\\\
=007  cr||||||||||||
=008  050304s2005\\\\enk\\\\\s\\\\o|0|\0\eng\\
=FMT  \\$a  BK
=015  \\$aGBA524094$2bnb
=020  \\$cNo price
=040  \\$aUk$beng$cUk
=042  \\$aukblsr
=082  04$a621.4838$222
=245  00$aSubstitution of intermediate level radioactive waste (ILW)$h[electronic resource] :$bregulatory impact assessment (post consultation update).
=260  \\$a[London :$bDTI,$c2005].
=336  \\$atext$2rdacontent
=337  \\$acomputer$2rdamedia
=338  \\$aonline resource$2rdacarrier
=538  \\$aMode of access: World Wide Web.
=538  \\$aSystem requirements: IBM compatible PC; Windows; Adobe Acrobat Reader.
=500  \\$aTitle from PDF title screen.
=516  \\$aPDF format.
=500  \\$a[Publisher's no.: URN 05/629].
=650  \0$aRadioactive waste disposal$xGovernment policy$zGreat Britain.
=710  1\$aGreat Britain.$bDepartment of Trade and Industry.
=856  4\$uhttp://www.dti.gov.uk/consultations/files/publication-1437.pdf
=852  41$aBritish Library$bHMNTS$j346040$cDRT
=985  \\$aRecord amended for WR# 13/070
=CAT  \\$a6524$b40$c20050304$lBLL01$h1019
=CAT  \\$a6524$b40$c20050304$lBLL01$h1020
=CAT  \\$a11281$b40$c20050316$lBLL01$h0943
=CAT  \\$aBATCH-UPD$b40$c20070723$lBLL01$h1549
=CAT  \\$aBATCH-UPD$b40$c20070912$lBLL01$h2021
=CAT  \\$aBATCH$b00$c20080505$lBLL01$h1320
=CAT  \\$aWR10_184$c20101208$lBLL01$h1635
=CAT  \\$aWR12-140$c20121030$lBLL01$h1048
=CAT  \\$aWR13_070$b00$c20130504$lBLL01$h0237
=CAT  \\$aWR13.144/5$c20140418$lBLL01$h0929
=FIN  \\$aY$d20050316
=DRT  \\$aVDEP
=STA  \\$aSUPPRESSED$bWR10_184
=LAS  \\$aWR13.144/5$b00$c20140418$lBLL01$h0929

