=LDR  02046 am a2200553 a 4500
=001  013127004
=003  Uk
=005  20050314113046.0
=006  m\\\\|\\\d\|\\\\\\
=007  cr||||||||||||
=008  050304s2004\\\\enk\\\\\s\\\\o|0|\0\eng\\
=FMT  \\$a  BK
=015  \\$aGBA522519$2bnb
=020  \\$cNo price
=040  \\$aUk$beng$cUk
=042  \\$aukblsr
=082  04$a658.407222$222
=245  00$aReport on the impact of the directors' remuneration report regulations$h[electronic resource] :$ba report for the Department of Trade and Industry.
=260  \\$a[London :$bDeloitte & Touche,$cc2004].
=336  \\$atext$2rdacontent
=337  \\$acomputer$2rdamedia
=338  \\$aonline resource$2rdacarrier
=538  \\$aMode of access: World Wide Web.
=538  \\$aSystem requirements: IBM compatible PC; Windows; Adobe Acrobat Reader.
=500  \\$aTitle from PDF title screen.
=516  \\$aPDF format.
=500  \\$aPublisher's no.: URN 05/604.
=690  7\$aManagement and Business Studies$2blcoll
=650  \0$aDirectors of corporations$xSalaries, etc.$zGreat Britain.
=710  1\$aGreat Britain.$bDepartment of Trade and Industry.
=710  2\$aDeloitte & Touche (Organization)
=856  4\$uhttp://www.dti.gov.uk/cld/Deloitte_Rep_DRRR_2004.pdf
=852  41$aBritish Library$bHMNTS$j346041$cDRT
=985  \\$aRecord amended for WR# 13/070
=CAT  \\$a6524$b40$c20050304$lBLL01$h1030
=CAT  \\$a11281$b40$c20050314$lBLL01$h1130
=CAT  \\$aUE-01$b00$c20060411$lBLL01$h0853
=CAT  \\$aBATCH-UPD$b00$c20070723$lBLL01$h1549
=CAT  \\$aBATCH-UPD$b00$c20070912$lBLL01$h2021
=CAT  \\$aBATCH$b00$c20080505$lBLL01$h1320
=CAT  \\$aBATCH$b00$c20090611$lBLL01$h1716
=CAT  \\$aWR10_184$c20101208$lBLL01$h1635
=CAT  \\$aWR12-140$c20121030$lBLL01$h1048
=CAT  \\$aWR13_070$b00$c20130504$lBLL01$h0237
=CAT  \\$aWR13.144/5$c20140418$lBLL01$h0929
=FIN  \\$aY$d20050314
=DRT  \\$aVDEP
=STA  \\$aSUPPRESSED$bWR10_184
=LAS  \\$aWR13.144/5$b00$c20140418$lBLL01$h0929

