=LDR  01999 am a2200541 a 4500
=001  013127228
=003  Uk
=005  20050308101916.0
=006  m\\\\|\\\d\|\\\\\\
=007  cr|||||||a||||
=008  050304s2003\\\\enk\\\\\s\\\\o000\0\eng\\
=FMT  \\$a  BK
=015  \\$aGBA520031$2bnb
=020  \\$cNo price
=040  \\$aUk$beng$cUk
=042  \\$aukblsr
=082  04$a306.45$222
=245  00$aScience and society$h[electronic resource] :$bresults of OST's public consultation on its response to the British Association report 'Science in society'.
=260  \\$a[London :$bDTI,$c2003].
=336  \\$atext$2rdacontent
=337  \\$acomputer$2rdamedia
=338  \\$aonline resource$2rdacarrier
=538  \\$aMode of access: World Wide Web.
=538  \\$aSystem requirements: IBM compatible PC; Windows; Adobe Acrobat Reader.
=500  \\$aTitle from first page of PDF document.
=516  \\$aPDF format.
=650  \0$aScience$xSocial aspects.
=710  1\$aGreat Britain.$bDepartment of Trade and Industry.
=710  1\$aGreat Britain.$bOffice of Science and Technology.
=856  40$uhttp://www.dti.gov.uk/ost/ostbusiness/puset/pdfs/govtresponse_0903.pdf
=852  41$aBritish Library$bHMNTS$j346042$cDRT
=985  \\$aRecord amended for WR# 13/070
=CAT  \\$a6524$b40$c20050304$lBLL01$h1331
=CAT  \\$a6524$b40$c20050304$lBLL01$h1332
=CAT  \\$a7332$b40$c20050308$lBLL01$h1019
=CAT  \\$aBATCH-UPD$b40$c20070704$lBLL01$h1053
=CAT  \\$aBATCH-UPD$b40$c20070723$lBLL01$h1549
=CAT  \\$aBATCH-UPD$b40$c20070912$lBLL01$h2021
=CAT  \\$aBATCH$b00$c20080505$lBLL01$h1320
=CAT  \\$aWR10_184$c20101208$lBLL01$h1635
=CAT  \\$aWR12-140$c20121030$lBLL01$h1048
=CAT  \\$aWR13_070$b00$c20130504$lBLL01$h0237
=CAT  \\$aWR13.144/5$c20140418$lBLL01$h0929
=CAT  \\$aBATCH-UPD$b00$c20180201$lBLL01$h1242
=FIN  \\$aY$d20050308
=DRT  \\$aVDEP
=STA  \\$aSUPPRESSED$bWR10_184
=LAS  \\$aBATCH-UPD$b00$c20180201$lBLL01$h1242

