=LDR  02219 am a2200601 a 4500
=001  013127233
=003  Uk
=005  20050310141105.0
=006  m\\\\|\\\d\|\\\\\\
=007  cr||||||||||||
=008  050304s2004\\\\enk\\\\\s\\\\o|0|\0\eng\\
=FMT  \\$a  BK
=015  \\$aGBA522238$2bnb
=020  \\$cNo price
=040  \\$aUk$beng$cUk
=042  \\$aukblsr
=082  04$a381.30941$222
=100  1\$aDoyle, Margaret.
=245  10$aSeeking resolution$h[electronic resource] :$bthe availability and usage of consumer-to-business alternative dispute resolution in the United Kingdom /$cMargaret Doyle, Katrina Ritters and Steve Brooker.
=260  \\$a[London] :$bDTI,$c2004.
=336  \\$atext$2rdacontent
=337  \\$acomputer$2rdamedia
=338  \\$aonline resource$2rdacarrier
=538  \\$aMode of access: World Wide Web.
=538  \\$aSystem requirements: IBM compatible PC; Windows; Adobe Acrobat Reader.
=500  \\$aTitle from PDF title screen.
=516  \\$aPDF format.
=500  \\$aPublisher's no.: URN 03/1616.
=690  7\$aManagement and Business Studies$2blcoll
=650  \0$aConsumer complaints$zGreat Britain.
=650  \0$aDispute resolution$zGreat Britain.
=700  1\$aBrooker, Steve.
=700  1\$aRitters, Katrina.
=710  1\$aGreat Britain.$bDepartment of Trade and Industry.
=710  2\$aNational Consumer Council.
=856  4\$uhttp://www.ncc.org.uk/protectingconsumers/seeking_resolution.pdf
=852  41$aBritish Library$bHMNTS$j346043$cDRT
=985  \\$aRecord amended for WR# 13/070
=CAT  \\$a6524$b40$c20050304$lBLL01$h1337
=CAT  \\$a6524$b40$c20050304$lBLL01$h1339
=CAT  \\$a11281$b40$c20050310$lBLL01$h1411
=CAT  \\$aBATCH-UPD$b40$c20070723$lBLL01$h1549
=CAT  \\$aBATCH-UPD$b40$c20070912$lBLL01$h2021
=CAT  \\$aBATCH$b00$c20080505$lBLL01$h1320
=CAT  \\$aBATCH$b00$c20090611$lBLL01$h1716
=CAT  \\$aWR10_184$c20101208$lBLL01$h1635
=CAT  \\$aWR12-140$c20121030$lBLL01$h1048
=CAT  \\$aWR13_070$b00$c20130504$lBLL01$h0237
=CAT  \\$aWR13.144/5$c20140418$lBLL01$h0929
=FIN  \\$aY$d20050310
=DRT  \\$aVDEP
=STA  \\$aSUPPRESSED$bWR10_184
=LAS  \\$aWR13.144/5$b00$c20140418$lBLL01$h0929

