=LDR  01624 am a2200469 a 4500
=001  013127242
=003  Uk
=005  20050315145237.0
=006  m\\\\|\\\d\|\\\\\\
=007  cr||||||||||||
=008  050304s2004\\\\enk\\\\\s\\\\o|0|\0\eng\\
=FMT  \\$a  BK
=015  \\$aGBA522658$2bnb
=020  \\$cNo price
=040  \\$aUk$beng$cUk
=042  \\$aukblsr
=082  04$a621.4838$222
=245  00$aSummary of responses to consultation on proposals for intermediate level radioactive waste substitution$h[electronic resource].
=260  \\$a[London :$bDTI,$c2004].
=336  \\$atext$2rdacontent
=337  \\$acomputer$2rdamedia
=338  \\$aonline resource$2rdacarrier
=538  \\$aMode of access: World Wide Web.
=538  \\$aSystem requirements: IBM compatible PC; Windows.
=500  \\$aTitle from title screen.
=516  \\$aWord format.
=500  \\$a[Publisher's no.: URN 04/2067]
=650  \0$aRadioactive waste disposal$zGreat Britain$xPublic opinion.
=650  \0$aPublic opinion$zGreat Britain.
=856  4\$uhttp://www.dti.gov.uk/consultations/files/publication-1206.doc
=852  41$aBritish Library$bHMNTS$cDRT$j346044
=CAT  \\$a6524$b40$c20050304$lBLL01$h1344
=CAT  \\$a11281$b40$c20050315$lBLL01$h1452
=CAT  \\$aBATCH-UPD$b40$c20070912$lBLL01$h2021
=CAT  \\$aBATCH$b00$c20080505$lBLL01$h1320
=CAT  \\$aWR10_184$c20101208$lBLL01$h1635
=CAT  \\$aWR12-140$c20121030$lBLL01$h1048
=CAT  \\$aWR13.144/5$c20140418$lBLL01$h0929
=FIN  \\$aY$d20050315
=DRT  \\$aVDEP
=STA  \\$aSUPPRESSED$bWR10_184
=LAS  \\$aWR13.144/5$b00$c20140418$lBLL01$h0929

