=LDR  01811 am a2200505 a 4500
=001  013127263
=003  Uk
=005  20050309162925.0
=006  m\\\\|\\\d\|\\\\\\
=007  cr|||\|||a||||
=008  050304s2005\\\\enk||||\s||||o00|\0\eng\\
=FMT  \\$a  BK
=015  \\$aGBA522166$2bnb
=020  \\$cNo price
=040  \\$aUk$beng$cUk
=042  \\$aukblsr
=082  04$a344.410189$222
=245  04$aThe information and consultation of employees regulations 2004$h[electronic resource] :$bDTI guidance.
=260  \\$a[London :$bDTI],$c2005.
=336  \\$atext$2rdacontent
=337  \\$acomputer$2rdamedia
=338  \\$aonline resource$2rdacarrier
=538  \\$aMode of access: World Wide Web.
=538  \\$aSystem requirements: IBM compatible PC; Windows; Adobe Acrobat Reader.
=500  \\$aTitle from p.1 of PDF file.
=516  \\$aPDF format.
=650  \0$aLabor laws and legislation$zGreat Britain.
=650  \0$aManagement$xEmployee participation$xLaw and legislation$zGreat Britain.
=710  1\$aGreat Britain.$bDepartment of Trade and Industry.
=856  40$uhttp://www.dti.gov.uk/er/consultation/i_c_regs_guidance.pdf
=852  41$aBritish Library$bHMNTS$j346046$cDRT
=985  \\$aRecord amended for WR# 13/070
=CAT  \\$a6524$b40$c20050304$lBLL01$h1352
=CAT  \\$a6524$b40$c20050304$lBLL01$h1353
=CAT  \\$a8141$b40$c20050309$lBLL01$h1629
=CAT  \\$aBATCH-UPD$b40$c20070912$lBLL01$h2021
=CAT  \\$aBATCH$b00$c20080505$lBLL01$h1320
=CAT  \\$aWR10_184$c20101208$lBLL01$h1635
=CAT  \\$aWR12-140$c20121030$lBLL01$h1048
=CAT  \\$aWR13_070$b00$c20130504$lBLL01$h0237
=CAT  \\$aWR13.144/5$c20140418$lBLL01$h0929
=FIN  \\$aY$d20050309
=DRT  \\$aVDEP
=STA  \\$aSUPPRESSED$bWR10_184
=LAS  \\$aWR13.144/5$b00$c20140418$lBLL01$h0929

