=LDR  02087 am a2200565 a 4500
=001  013127353
=003  Uk
=005  20050314120034.0
=006  m\\\\|\\\d\|\\\\\\
=007  cr||||||||||||
=008  050304s2004\\\\enk\\\\\s\\\\||0|\0\eng\\
=FMT  \\$a  BK
=015  \\$aGBA522526$2bnb
=020  \\$cNo price
=040  \\$aUk$beng$cUk
=042  \\$aukblsr
=082  04$a368.44$222
=245  04$aThe impact of interviewing method on measurement error in panel survey measures of benefit receipt$h[electronic resource] :$bevidence from a validation study /$cPeter Lynn ... [et al.].
=260  \\$a[Colchester] :$bISER,$c2004.
=336  \\$atext$2rdacontent
=337  \\$acomputer$2rdamedia
=338  \\$aonline resource$2rdacarrier
=490  0\$aISER working papers ;$vno. 2004-28
=538  \\$aMode of access: World Wide Web.
=538  \\$aSystem requirements: IBM compatible PC; Windows; Adobe Acrobat Reader.
=500  \\$aTitle from PDF title screen.
=516  \\$aIn PDF format.
=650  \0$aSocial surveys$xMethodology.
=650  \0$aInsurance, Unemployment.
=690  7\$aManagement and Business Studies$2blcoll
=690  7\$aSocial Welfare$2blcoll
=700  1\$aLynn, Peter,$d1966-
=710  2\$aUniversity of Essex.$bInstitute for Social and Economic Research.
=856  4\$uhttp://www.iser.essex.ac.uk/pubs/workpaps/pdf/2004-28.pdf
=852  41$aBritish Library$bHMNTS$j359769$cDRT
=CAT  \\$a10902$b40$c20050304$lBLL01$h1444
=CAT  \\$a10902$b40$c20050304$lBLL01$h1446
=CAT  \\$a11281$b40$c20050314$lBLL01$h1200
=CAT  \\$aBATCH-UPD$b40$c20070912$lBLL01$h2021
=CAT  \\$aBATCH$b00$c20080505$lBLL01$h1320
=CAT  \\$aBATCH$b00$c20090611$lBLL01$h1716
=CAT  \\$aWR10_184$c20101208$lBLL01$h1635
=CAT  \\$aBATCH$b00$c20110625$lBLL01$h0512
=CAT  \\$aBATCH-SWP4$c20110627$lBLL01$h1554
=CAT  \\$aWR12-140$c20121030$lBLL01$h1048
=CAT  \\$aWR13.144/5$c20140418$lBLL01$h0929
=FIN  \\$aY$d20050314
=DRT  \\$aVDEP
=STA  \\$aSUPPRESSED$bWR10_184
=LAS  \\$aWR13.144/5$b00$c20140418$lBLL01$h0929

