=LDR  01713 am a2200505 a 4500
=001  013131299
=003  Uk
=005  20051108091643.0
=006  m\\\\|\\\d\|\\\\\\
=007  cr|cn\|||a||||
=008  050309s2003\\\\wlk||||\s||||o00|\0\eng\\
=FMT  \\$a  BK
=015  \\$aGBA524554$2bnb
=020  \\$cNo price
=040  \\$aUk$beng$cUk
=042  \\$aukblsr
=082  04$a629.246$222
=245  00$aYour guide to ABS and EBS$h[electronic resource].
=250  \\$a[Updated ed.].
=260  \\$aSwansea :$bVehicle & Operator Services Agency,$c2003.
=336  \\$atext$2rdacontent
=337  \\$acomputer$2rdamedia
=338  \\$aonline resource$2rdacarrier
=538  \\$aMode of access: World Wide Web.
=538  \\$aSystem requirements: IBM compatible PC; Windows; Adobe Acrobat Reader.
=500  \\$aTitle from PDF title page.
=516  \\$aPDF format.
=650  \0$aAutomobiles$xAntilock brake systems.
=650  \0$aMotor vehicles$xBrakes.
=650  \0$aTrailers.
=710  1\$aGreat Britain.$bVehicle & Operator Services Agency
=856  40$uhttp://www.vosa.gov.uk/vosa/publications/your%20guide%20to%20abs%20and%20ebs.pdf
=852  41$aBritish Library$bHMNTS$j340007$cDRT
=CAT  \\$a10902$b40$c20050309$lBLL01$h0852
=CAT  \\$a8141$b40$c20050321$lBLL01$h1248
=CAT  \\$a11249$b40$c20051108$lBLL01$h0916
=CAT  \\$aBATCH-UPD$b40$c20070912$lBLL01$h2021
=CAT  \\$aBATCH$b00$c20080505$lBLL01$h1320
=CAT  \\$aWR10_184$c20101208$lBLL01$h1635
=CAT  \\$aWR12-140$c20121030$lBLL01$h1048
=CAT  \\$aWR13.144/5$c20140418$lBLL01$h0929
=FIN  \\$aY$d20050321
=DRT  \\$aVDEP
=STA  \\$aSUPPRESSED$bWR10_184
=LAS  \\$aWR13.144/5$b00$c20140418$lBLL01$h0929

