=LDR  01651 am a2200457 a 4500
=001  013131333
=003  Uk
=005  20050322115135.0
=006  m\\\\|\\\d\|\\\\\\
=007  cr||||||||||||
=008  050309s2004\\\\enk\\\\\s\\\\o|0|\0\eng\\
=FMT  \\$a  BK
=020  \\$cNo price
=040  \\$aUk$beng$cUk
=042  \\$aukblsr
=082  04$a388.3220941$222
=245  04$aThe registration of flexibly routed local bus services$h[electronic resource] :$bguidance for operators.
=260  \\$a[Bristol :$bVOSA,$c2004].
=336  \\$atext$2rdacontent
=337  \\$acomputer$2rdamedia
=338  \\$aonline resource$2rdacarrier
=538  \\$aMode of access: World Wide Web.
=538  \\$aSystem requirements: IBM compatible PC; Windows.
=500  \\$aTitle from title screen.
=516  \\$aWord format.
=650  \0$aBus travel$zGreat Britain.
=650  \0$aBus lines$xLicenses$zGreat Britain.
=710  1\$aGreat Britain.$bVehicle & Operator Services Agency.
=856  4\$uhttp://www.vosa.gov.uk/vosa/publications/the%20registration%20of%20flexibly%20routed%20local%20bus%20services%20-%20guide%20for%20operators.doc
=852  41$aBritish Library$bHMNTS$j340005$cDRT
=CAT  \\$a10902$b40$c20050309$lBLL01$h0923
=CAT  \\$a11281$b40$c20050322$lBLL01$h1151
=CAT  \\$aBATCH-UPD$b40$c20070912$lBLL01$h2021
=CAT  \\$aBATCH$b00$c20080505$lBLL01$h1320
=CAT  \\$aWR10_184$c20101208$lBLL01$h1635
=CAT  \\$aWR12-140$c20121030$lBLL01$h1048
=CAT  \\$aWR13.144/5$c20140418$lBLL01$h0929
=FIN  \\$aY$d20050322
=DRT  \\$aVDEP
=STA  \\$aSUPPRESSED$bWR10_184
=LAS  \\$aWR13.144/5$b00$c20140418$lBLL01$h0929

