=LDR  01976 am a2200517 a 4500
=001  013131345
=003  Uk
=005  20051024142314.0
=006  m\\\\|\\\d\|\\\\\\
=007  cr||n||||a||||
=008  050309s2004\\\\enk||||\s||||o00|\0\eng\\
=FMT  \\$a  BK
=015  \\$aGBA524589$2bnb
=020  \\$cNo price
=040  \\$aUk$beng$cUk
=042  \\$aukblsr
=082  04$a343.410946$222
=245  00$aPublic service vehicle operator licensing :$h[electronic resource]$bguide for operators.
=260  \\$aBristol :$bVehicle & Operator Services Agency,$c2004.
=336  \\$atext$2rdacontent
=337  \\$acomputer$2rdamedia
=338  \\$aonline resource$2rdacarrier
=538  \\$aMode of access: World Wide Web.
=538  \\$aSystem requirements: IBM compatible PC; Windows; Adobe Acrobat Reader.
=500  \\$aTitle from PDF title page.
=500  \\$aOriginally published in print format: London : Dept. of Transport, 1997.
=516  \\$aPDF format.
=530  \\$aAlso issued in print format.
=500  \\$aPublisher's no.: PSV 437.
=650  \0$aTransportation$xPassenger traffic$xLicenses$zGreat Britain.
=650  \0$aTransportation$xPassenger traffic$xLaw and legislation$zGreat Britain.
=710  1\$aGreat Britain.$bVehicle & Operator Services Agency.
=856  40$uhttp://www.vosa.gov.uk/vosa/forms/psv%20operator%20licensing%20-%20a%20guide%20for%20operators%20(psv%20437).pdf
=852  41$aBritish Library$bHMNTS$j340004$cDRT
=CAT  \\$a10902$b40$c20050309$lBLL01$h0932
=CAT  \\$a8141$b40$c20050321$lBLL01$h1431
=CAT  \\$a5194$b40$c20051024$lBLL01$h1423
=CAT  \\$aBATCH-UPD$b40$c20070912$lBLL01$h2021
=CAT  \\$aBATCH$b00$c20080505$lBLL01$h1320
=CAT  \\$aWR10_184$c20101208$lBLL01$h1635
=CAT  \\$aWR12-140$c20121030$lBLL01$h1048
=CAT  \\$aWR13.144/5$c20140418$lBLL01$h0929
=FIN  \\$aY$d20050321
=DRT  \\$aVDEP
=STA  \\$aSUPPRESSED$bWR10_184
=LAS  \\$aWR13.144/5$b00$c20140418$lBLL01$h0929

