=LDR  01891 am a2200493 a 4500
=001  013134728
=003  Uk
=005  20050324093047.0
=006  m\\\\|\\\d\|\\\\\\
=007  cr|mn\|||a||||
=008  050315s2005\\\\enk\\\\\s\\\\o000\0\eng\\
=FMT  \\$a  BK
=015  \\$aGBA524709$2bnb
=040  \\$aUk$beng$cUk
=042  \\$aukblsr
=082  04$a363.60941$222
=245  00$aInterconnector licences :$h[electronic resource] :$bdetermination of standard licence conditions ; conclusions drawn from responses to the November consultation document and final standard licence conditions.
=260  \\$a[London] :$bDTI,$c2005.
=336  \\$atext$2rdacontent
=337  \\$acomputer$2rdamedia
=338  \\$aonline resource$2rdacarrier
=538  \\$aMode of access: World Wide Web.
=538  \\$aSystem requirements: IBM compatible PC; Windows; Adobe Acrobat Reader.
=500  \\$aTitle from PDF title screen.
=516  \\$aPDF format.
=650  \0$aElectric utilities$xLicences$zGreat Britain.
=650  \0$aGas companies$xLicences$zGreat Britain.
=710  1\$aGreat Britain.$bDepartment of Trade and Industry.
=856  40$uhttp://www.dti.gov.uk/energy/publications/policy/interconnector_licences_conclusions.pdf
=852  41$aBritish Library$bHMNTS$j340008$cDRT
=985  \\$aRecord amended for WR# 13/070
=CAT  \\$a6524$b40$c20050315$lBLL01$h0927
=CAT  \\$a6524$b40$c20050315$lBLL01$h0928
=CAT  \\$a7332$b40$c20050324$lBLL01$h0930
=CAT  \\$aBATCH-UPD$b40$c20070912$lBLL01$h2021
=CAT  \\$aBATCH$b00$c20080505$lBLL01$h1320
=CAT  \\$aWR10_184$c20101208$lBLL01$h1635
=CAT  \\$aWR12-140$c20121030$lBLL01$h1048
=CAT  \\$aWR13_070$b00$c20130504$lBLL01$h0237
=CAT  \\$aWR13.144/5$c20140418$lBLL01$h0929
=FIN  \\$aY$d20050324
=DRT  \\$aVDEP
=STA  \\$aSUPPRESSED$bWR10_184
=LAS  \\$aWR13.144/5$b00$c20140418$lBLL01$h0929

