=LDR  02177 am a2200577 a 4500
=001  013134830
=003  Uk
=005  20050323105108.0
=006  m\\\\|\\\d\|\\\\\\
=007  cr||||||||||||
=008  050315s2005\\\\enk\\\\\s\\\\o|0|\0\eng\\
=FMT  \\$a  BK
=015  \\$aGBA527017$2bnb
=020  \\$cNo price
=040  \\$aUk$beng$cUk
=042  \\$aukblsr
=082  04$a338.60410941$222
=100  1\$aMyners, Paul.
=245  10$aPre-emption rights$h[electronic resource] :$bfinal report /$ca study by Paul Myners into the impact of shareholders' pre-emption rights on a public company's ability to raise new capital.
=260  \\$a[London] :$bDTI,$c2005.
=336  \\$atext$2rdacontent
=337  \\$acomputer$2rdamedia
=338  \\$aonline resource$2rdacarrier
=538  \\$aMode of access: World Wide Web.
=538  \\$aSystem requirements: IBM compatible PC; Windows; Adobe Acrobat Reader.
=500  \\$aTitle from PDF title screen.
=516  \\$aPDF format.
=500  \\$aPublisher's no.: URN 05/679.
=690  7\$aManagement and Business Studies$2blcoll
=650  \0$aCorporations$zGreat Britain$xFinance.
=650  \0$aStockholders$xLegal status, laws, etc.$zGreat Britain.
=650  \0$aStockholders' pre-emptive rights$zGreat Britain.
=710  1\$aGreat Britain.$bDepartment of Trade and Industry.
=856  4\$uhttp://www.dti.gov.uk/cld/report_pdfs/02-08-final-report.pdf
=852  41$aBritish Library$bHMNTS$j340012$cDRT
=985  \\$aRecord amended for WR# 13/070
=CAT  \\$a6524$b40$c20050315$lBLL01$h1029
=CAT  \\$a6524$b40$c20050315$lBLL01$h1030
=CAT  \\$a11281$b40$c20050323$lBLL01$h1051
=CAT  \\$aBATCH-UPD$b40$c20070723$lBLL01$h1549
=CAT  \\$aBATCH-UPD$b40$c20070912$lBLL01$h2021
=CAT  \\$aBATCH$b00$c20080505$lBLL01$h1320
=CAT  \\$aBATCH$b00$c20090611$lBLL01$h1717
=CAT  \\$aWR10_184$c20101208$lBLL01$h1635
=CAT  \\$aWR12-140$c20121030$lBLL01$h1048
=CAT  \\$aWR13_070$b00$c20130504$lBLL01$h0237
=CAT  \\$aWR13.144/5$c20140418$lBLL01$h0929
=FIN  \\$aY$d20050323
=DRT  \\$aVDEP
=STA  \\$aSUPPRESSED$bWR10_184
=LAS  \\$aWR13.144/5$b00$c20140418$lBLL01$h0929

