=LDR  02036 am a2200577 a 4500
=001  013134841
=003  Uk
=005  20050405095036.0
=006  m\\\\|\\\d\|\\\\\\
=007  cr||||||||||||
=008  050315s2004\\\\enk\\\\\s\\\\o|0|\0\eng\\
=FMT  \\$a  BK
=020  \\$cNo price
=040  \\$aUk$beng$cUk
=042  \\$aukblsr
=082  04$a305.40941$222
=245  00$aKey indicators of women's position in Britain$h[electronic resource] :$bkey findings.
=260  \\$a[London :$bDTI,$c2004].
=336  \\$atext$2rdacontent
=337  \\$acomputer$2rdamedia
=338  \\$aonline resource$2rdacarrier
=538  \\$aMode of access: World Wide Web.
=538  \\$aSystem requirements: IBM compatible PC; Windows.
=500  \\$aTitle from title screen.
=516  \\$aWord format.
=500  \\$aPublisher's no.: URN 04/1919.
=690  7\$aSocial Welfare$2blcoll
=650  \0$aEquality$zGreat Britain.
=650  \0$aWomen$zGreat Britain.
=710  1\$aGreat Britain.$bDepartment of Trade and Industry.$bWomen & Equality Unit.
=710  2\$aInstitute for Employment Studies.
=856  4\$uhttp://164.36.38.98/research/keyindicators_womens_position_keyfind.doc
=852  41$aBritish Library$bHMNTS$j340009$cDRT
=985  \\$aRecord amended for WR# 13/070
=CAT  \\$a6524$b40$c20050315$lBLL01$h1036
=CAT  \\$a6524$b40$c20050315$lBLL01$h1037
=CAT  \\$a11281$b40$c20050323$lBLL01$h1208
=CAT  \\$a5194$b40$c20050405$lBLL01$h0949
=CAT  \\$a5194$b40$c20050405$lBLL01$h0950
=CAT  \\$aBATCH-UPD$b40$c20070912$lBLL01$h2021
=CAT  \\$aBATCH$b00$c20080505$lBLL01$h1320
=CAT  \\$aWR10_184$c20101208$lBLL01$h1635
=CAT  \\$aBATCH$b00$c20110625$lBLL01$h0513
=CAT  \\$aBATCH-SWP4$c20110627$lBLL01$h1555
=CAT  \\$aWR12-140$c20121030$lBLL01$h1048
=CAT  \\$aWR13_070$b00$c20130504$lBLL01$h0237
=CAT  \\$aWR13.144/5$c20140418$lBLL01$h0929
=FIN  \\$aY$d20050323
=DRT  \\$aVDEP
=STA  \\$aSUPPRESSED$bWR10_184
=LAS  \\$aWR13.144/5$b00$c20140418$lBLL01$h0929

