=LDR  01806 am a2200529 a 4500
=001  013134847
=003  Uk
=005  20050404093552.0
=006  m\\\\|\\\d\|\\\\\\
=007  cr||n\|||a||||
=008  050315s2003\\\\enk||||\s||||o00|\0\eng\\
=FMT  \\$a  BK
=015  \\$aGBA527687$2bnb
=020  \\$cNo price
=040  \\$aUk$beng$cUk
=042  \\$aukblsr
=082  04$a720.47$222
=245  00$aSustainable construction brief$h[electronic resource].
=260  \\$aLondon :$bDTI,$c2003.
=336  \\$atext$2rdacontent
=337  \\$acomputer$2rdamedia
=338  \\$aonline resource$2rdacarrier
=538  \\$aMode of access: World Wide Web.
=538  \\$aSystem requirements: IBM compatible PC; Windows; Adobe Acrobat Reader.
=500  \\$aTitle from PDF title page.
=516  \\$aPDF format.
=500  \\$a[Publisher's no.: URN 03/1766]
=650  \0$aSustainable architecture.
=650  \0$aSustainable buildings$xDesign and construction.
=710  1\$aGreat Britain.$bDepartment of Trade and Industry.
=856  40$uhttp://www.dti.gov.uk/construction/sustain/scb.pdf
=852  41$aBritish Library$bHMNTS$j340013$cDRT
=985  \\$aRecord amended for WR# 13/070
=CAT  \\$a6524$b40$c20050315$lBLL01$h1041
=CAT  \\$a6524$b40$c20050315$lBLL01$h1042
=CAT  \\$a8141$b40$c20050404$lBLL01$h0935
=CAT  \\$aBATCH-UPD$b40$c20070723$lBLL01$h1549
=CAT  \\$aBATCH-UPD$b40$c20070912$lBLL01$h2021
=CAT  \\$aBATCH$b00$c20080505$lBLL01$h1320
=CAT  \\$aWR10_184$c20101208$lBLL01$h1635
=CAT  \\$aWR12-140$c20121030$lBLL01$h1048
=CAT  \\$aWR13_070$b00$c20130504$lBLL01$h0237
=CAT  \\$aWR13.144/5$c20140418$lBLL01$h0929
=FIN  \\$aY$d20050404
=DRT  \\$aVDEP
=STA  \\$aSUPPRESSED$bWR10_184
=LAS  \\$aWR13.144/5$b00$c20140418$lBLL01$h0929

