=LDR  01873 am a2200529 a 4500
=001  013136818
=003  Uk
=005  20050526112749.0
=006  m\\\\|\\\d\|\\\\\\
=007  cr||||||||||||
=008  050316s2005\\\\enk\\\\\s\\\\o000\0\eng\\
=FMT  \\$a  BK
=040  \\$aUk$beng$cUk
=042  \\$aukblsr
=082  04$a662.88$222
=245  00$aBiofuel production from plant biomass$h[electronic resource]
=260  \\$a[London] :$bDTI,$c2005.
=336  \\$atext$2rdacontent
=337  \\$acomputer$2rdamedia
=338  \\$aonline resource$2rdacarrier
=490  1\$aProject profile / DTI ;$vno. PP213
=538  \\$aMode of access: World Wide Web.
=538  \\$aSystem requirements: Adobe Acrobat Reader.
=500  \\$aTitle from PDF title screen.
=516  \\$aPDF format.
=500  \\$aPublisher's no.: URN 05/831.
=650  \0$aAgriculture and energy.
=650  \0$aBiomass energy.
=710  1\$aGreat Britain.$bDepartment of Trade and Industry.
=856  4\$uhttp://www.dti.gov.uk/renewables/publications_pdfs/pp213.pdf?pubpdfdload=05%2F831
=830  \0$aProject profile (Great Britain. Department of Trade and Industry)$vno. PP213.
=852  41$aBritish Library$bHMNTS$j359739$cDRT
=985  \\$aRecord amended for WR# 13/070
=CAT  \\$a6524$b40$c20050316$lBLL01$h0936
=CAT  \\$a6524$b40$c20050316$lBLL01$h0937
=CAT  \\$a11281$b40$c20050526$lBLL01$h1127
=CAT  \\$aBATCH-UPD$b40$c20070723$lBLL01$h1549
=CAT  \\$aBATCH-UPD$b40$c20070912$lBLL01$h2021
=CAT  \\$aBATCH$b00$c20080505$lBLL01$h1320
=CAT  \\$aWR10_184$c20101208$lBLL01$h1635
=CAT  \\$aWR12-140$c20121030$lBLL01$h1048
=CAT  \\$aWR13_070$b00$c20130504$lBLL01$h0237
=CAT  \\$aWR13.144/5$c20140418$lBLL01$h0929
=FIN  \\$aY$d20050526
=DRT  \\$aVDEP
=STA  \\$aSUPPRESSED$bWR10_184
=LAS  \\$aWR13.144/5$b00$c20140418$lBLL01$h0929

