=LDR  01966 am a2200517 a 4500
=001  013137512
=003  Uk
=005  20050323142312.0
=006  m\\\\|\\\d\|\\\\\\
=007  cr||||||||||||
=008  050317s2005\\\\enk\\\\\s\\\\o|0|\0\eng\\
=FMT  \\$a  BK
=015  \\$aGBA527077$2bnb
=020  \\$cNo price
=040  \\$aUk$beng$cUk
=042  \\$aukblsr
=082  04$a351.41$222
=245  00$aPerceptions of the ministerial public appointments process$h[electronic resource] :$bcombined qualitative and quantitative report : research study conducted for the Office of the Commissioner for Public Appointments.
=260  \\$a[London] :$bOCPA,$c2005.
=336  \\$atext$2rdacontent
=337  \\$acomputer$2rdamedia
=338  \\$aonline resource$2rdacarrier
=538  \\$aMode of access: World Wide Web.
=538  \\$aSystem requirements: IBM compatible PC; Windows; Adobe Acrobat Reader.
=500  \\$aTitle from PDF title screen.
=516  \\$aPDF format.
=651  \0$aGreat Britain$xOfficials and employees.
=651  \0$aGreat Britain$xPolitics and government.
=651  \0$aGreat Britain$xPublic opinion.
=690  7\$aManagement and Business Studies$2blcoll
=710  1\$aGreat Britain.$bOffice of the Commissioner for Public Appointments.
=710  2\$aMarket & Opinion Research International.
=856  4\$uhttp://www.ocpa.gov.uk/publications/pdf/mori_report.pdf
=852  41$aBritish Library$bHMNTS$j340011$cDRT
=CAT  \\$a6524$b40$c20050317$lBLL01$h0902
=CAT  \\$a11281$b40$c20050323$lBLL01$h1423
=CAT  \\$aBATCH-UPD$b40$c20070912$lBLL01$h2021
=CAT  \\$aBATCH$b00$c20080505$lBLL01$h1320
=CAT  \\$aBATCH$b00$c20090611$lBLL01$h1717
=CAT  \\$aWR10_184$c20101208$lBLL01$h1635
=CAT  \\$aWR12-140$c20121030$lBLL01$h1048
=CAT  \\$aWR13.144/5$c20140418$lBLL01$h0929
=FIN  \\$aY$d20050323
=DRT  \\$aVDEP
=STA  \\$aSUPPRESSED$bWR10_184
=LAS  \\$aWR13.144/5$b00$c20140418$lBLL01$h0929

