=LDR  02170 am a2200589 a 4500
=001  013138186
=003  Uk
=005  20050406112441.0
=006  m\\\\|\\\d\|\\\\\\
=007  cr|mn\|||a||||
=008  050318s2004\\\\enk\\\\\s\\\\\000\0\eng\\
=FMT  \\$a  BK
=015  \\$aGBA524678$2bnb
=020  \\$a1854496654 :$cNo price
=040  \\$aUk$beng$cUk
=042  \\$aukblsr
=082  04$a153.93$222
=100  1\$aGrojean, Michael.
=245  10$aAdverse impact in cognitive ability tests$h[electronic resource] :$bthe role of values and test taking attitudes /$cMichael W. Grojean, Paul J. Hanges & Abyradga Ramesh.
=260  \\$aBirmingham :$bAston Business School,$c2004.
=336  \\$atext$2rdacontent
=337  \\$acomputer$2rdamedia
=338  \\$aonline resource$2rdacarrier
=490  1\$aAston Business School research papers ;$vRP0436
=538  \\$aMode of access: World Wide Web.
=538  \\$aSystem requirements: IBM compatible PC; Windows; Microsoft Word or Adobe Acrobat Reader.
=500  \\$aTitle from p.1 of Word file.
=516  \\$aWord for Windows format.
=530  \\$aAlso issued in PDF format.
=650  \0$aCognitive Abilities Test.
=650  \0$aTest bias.
=700  1\$aHanges, Paul J.
=700  1\$aRamesh, Abyradga.
=710  2\$aAston Business School
=856  40$uhttp://www.abs.aston.ac.uk/newweb/research/publications/docs/RP0436.pdf
=830  \0$aAston Business School research papers ;$vRP0436.
=852  41$aBritish Library$bHMNTS$cDRT$j359737
=CAT  \\$a6524$b40$c20050318$lBLL01$h0841
=CAT  \\$a6524$b40$c20050318$lBLL01$h0842
=CAT  \\$a7332$b40$c20050322$lBLL01$h1329
=CAT  \\$a5194$b40$c20050406$lBLL01$h1124
=CAT  \\$aBATCH-UPD$b40$c20070912$lBLL01$h2021
=CAT  \\$aBATCH$b00$c20080505$lBLL01$h1320
=CAT  \\$aBATCH$b00$c20091217$lBLL01$h0346
=CAT  \\$aBATCH-UPD$b00$c20100910$lBLL01$h2019
=CAT  \\$aWR10_184$c20101208$lBLL01$h1635
=CAT  \\$aWR12-140$c20121030$lBLL01$h1048
=CAT  \\$aWR13.144/5$c20140418$lBLL01$h0930
=FIN  \\$aY$d20050322
=DRT  \\$aVDEP
=STA  \\$aSUPPRESSED$bWR10_184
=LAS  \\$aWR13.144/5$b00$c20140418$lBLL01$h0930

