=LDR  02216 am a2200589 a 4500
=001  013138271
=003  Uk
=005  20050404093157.0
=006  m\\\\|\\\d\|\\\\\\
=007  cr|mn\|||a||||
=008  050318s2005\\\\enk||||\s||||\00|\0\eng\\
=FMT  \\$a  BK
=015  \\$aGBA524611$2bnb
=020  \\$a1854496603 :$cNo price
=040  \\$aUk$beng$cUk
=042  \\$aukblsr
=082  04$a338.04094249$222
=100  1\$aScott, Jonathan$q(Jonathan M.)
=245  10$aEntrepreneurship in the West Midlands$h[electronic resource] :$ba review and assessment of the knowledge base /$cJonathan Scott and Stephen Roper.
=260  \\$aBirmingham :$bAston Business School,$c2005.
=336  \\$atext$2rdacontent
=337  \\$acomputer$2rdamedia
=338  \\$aonline resource$2rdacarrier
=490  0\$aAston Business School research papers ;$vRP0501
=538  \\$aMode of access: World Wide Web.
=538  \\$aSystem requirements: IBM compatible PC; Windows; Adobe Acrobat Reader.
=500  \\$aTitle from p.1 of PDF file.
=516  \\$aPDF format.
=650  \0$aEntrepreneurship$zEngland$zWest Midlands.
=650  \0$aEntrepreneurship$zEngland$zWest Midlands$xRegional disparities.
=650  \0$aSmall business$zEngland$zWest Midlands.
=690  7\$aManagement and Business Studies$2blcoll
=700  1\$aRoper, Stephen.
=710  2\$aAston Business School
=856  40$uhttp://www.abs.aston.ac.uk/newweb/research/publications/docs/RP0501.pdf
=852  41$aBritish Library$bHMNTS$cDRT$j359747
=CAT  \\$a6524$b40$c20050318$lBLL01$h1005
=CAT  \\$a6524$b40$c20050318$lBLL01$h1010
=CAT  \\$a8141$b40$c20050321$lBLL01$h1546
=CAT  \\$a8141$b40$c20050321$lBLL01$h1548
=CAT  \\$a8141$b40$c20050322$lBLL01$h1434
=CAT  \\$a5194$b40$c20050404$lBLL01$h0931
=CAT  \\$aBATCH-UPD$b40$c20070912$lBLL01$h2021
=CAT  \\$aBATCH$b00$c20080505$lBLL01$h1320
=CAT  \\$aBATCH$b00$c20090611$lBLL01$h1717
=CAT  \\$aWR10_184$c20101208$lBLL01$h1635
=CAT  \\$aWR12-140$c20121030$lBLL01$h1048
=CAT  \\$aWR13.144/5$c20140418$lBLL01$h0930
=FIN  \\$aY$d20050321
=DRT  \\$aVDEP
=STA  \\$aSUPPRESSED$bWR10_184
=LAS  \\$aWR13.144/5$b00$c20140418$lBLL01$h0930

