=LDR  02204 am a2200589 a 4500
=001  013138284
=003  Uk
=005  20090122142127.0
=006  m\\\\|\\\d\|\\\\\\
=007  cr|bn\|||a||||
=008  050318s2005\\\\enk\\\\\s\\\\\000\0\eng\\
=FMT  \\$a  BK
=015  \\$aGBA527515$2bnb
=020  \\$a1854496808 :$cNo price
=040  \\$aUk$beng$cUk
=042  \\$aukblsr
=082  04$a363.610941$222
=100  1\$aSaal, David S.
=245  10$aAssessing the performance of water operations in the English and Welsh water industry$h[electronic resource] :$ba panel input distance function approach /$cby David S. Saal and David Parker.
=260  \\$aBirmingham :$bAston Business School,$c2005.
=336  \\$atext$2rdacontent
=337  \\$acomputer$2rdamedia
=338  \\$aonline resource$2rdacarrier
=490  1\$aAston Business School research papers ;$vRP0502
=538  \\$aMode of access: World Wide Web.
=538  \\$aSystem requirements: IBM compatible PC; Windows.
=500  \\$aTitle from title screen.
=516  \\$aWord format.
=650  \0$aMunicipal water supply$zEngland.
=650  \0$aMunicipal water supply$zWales.
=700  1\$aParker, David,$d1949 September 28-
=710  2\$aAston Business School.
=856  4\$uhttp://www.abs.aston.ac.uk/newweb/research/publications/docs/RP0502.pdf
=830  \0$aAston Business School research papers ;$vRP0502.
=852  41$aBritish Library$bHMNTS$j359738$cDRT
=985  \\$aRecord amended for WR# 13/070
=CAT  \\$a6524$b40$c20050318$lBLL01$h1022
=CAT  \\$a6524$b40$c20050318$lBLL01$h1023
=CAT  \\$a7332$b40$c20050331$lBLL01$h1133
=CAT  \\$aBATCH-UPD$b40$c20070912$lBLL01$h2021
=CAT  \\$aBATCH$b00$c20080505$lBLL01$h1320
=CAT  \\$a7416$b40$c20090122$lBLL01$h1421
=CAT  \\$aBATCH$b00$c20091217$lBLL01$h0346
=CAT  \\$aBATCH-UPD$b00$c20100910$lBLL01$h2019
=CAT  \\$aWR10_184$c20101208$lBLL01$h1635
=CAT  \\$aWR12-140$c20121030$lBLL01$h1048
=CAT  \\$aWR13_070$b00$c20130504$lBLL01$h0237
=CAT  \\$aWR13.144/5$c20140418$lBLL01$h0930
=FIN  \\$aY$d20050331
=DRT  \\$aVDEP
=STA  \\$aSUPPRESSED$bWR10_184
=LAS  \\$aWR13.144/5$b00$c20140418$lBLL01$h0930

