=LDR  02323 am a2200613 a 4500
=001  013138530
=003  Uk
=005  20050406110211.0
=006  m\\\\|\\\d\|\\\\\\
=007  cr|mn\|||a||||
=008  050318s2004\\\\enk\\\\\s\\\\\000\0\eng\\
=FMT  \\$a  BK
=015  \\$aGBA524635$2bnb
=020  \\$a1854496506 :$cNo price
=040  \\$aUk$beng$cUk
=042  \\$aukblsr
=082  04$a363.610942$222
=100  1\$aSaal, David S.
=245  10$aEstimating opex productivity growth in English and Welsh water and sewerage companies$h[electronic resource] :$b1993-2003 /$cby David S. Saal and Scott Reid.
=260  \\$aBirmingham :$bAston Business School,$c2004.
=336  \\$atext$2rdacontent
=337  \\$acomputer$2rdamedia
=338  \\$aonline resource$2rdacarrier
=490  1\$aAston Business School research papers ;$vRP0434
=538  \\$aMode of access: World Wide Web.
=538  \\$aSystem requirements: IBM compatible PC; Windows; Microsoft Word or Adobe Acrobat Reader.
=500  \\$aTitle from p.1 of Word file.
=516  \\$aWord for Windows format.
=530  \\$aAlso issued in PDF format.
=650  \0$aWater utilities$xEconomic aspects$zEngland.
=650  \0$aWater utilities$xEconomic aspects$zWales.
=650  \0$aSewerage$xEconomic aspects$zEngland.
=650  \0$aSewerage$xEconomic aspects$zWales.
=700  1\$aReid, Scott.
=710  2\$aAston Business School
=856  40$uhttp://www.abs.aston.ac.uk/newweb/research/publications/docs/RP0434.pdf
=830  \0$aAston Business School research papers ;$vRP0434.
=852  41$aBritish Library$bHMNTS$cDRT$j359748
=CAT  \\$a6524$b40$c20050318$lBLL01$h1349
=CAT  \\$a6524$b40$c20050318$lBLL01$h1352
=CAT  \\$a7332$b40$c20050322$lBLL01$h1111
=CAT  \\$a7332$b40$c20050404$lBLL01$h1557
=CAT  \\$a5194$b40$c20050406$lBLL01$h1102
=CAT  \\$aBATCH-UPD$b40$c20070912$lBLL01$h2021
=CAT  \\$aBATCH$b00$c20080505$lBLL01$h1320
=CAT  \\$aBATCH$b00$c20091217$lBLL01$h0346
=CAT  \\$aBATCH-UPD$b00$c20100910$lBLL01$h2019
=CAT  \\$aWR10_184$c20101208$lBLL01$h1635
=CAT  \\$aWR12-140$c20121030$lBLL01$h1048
=CAT  \\$aWR13.144/5$c20140418$lBLL01$h0930
=FIN  \\$aY$d20050322
=DRT  \\$aVDEP
=STA  \\$aSUPPRESSED$bWR10_184
=LAS  \\$aWR13.144/5$b00$c20140418$lBLL01$h0930

