=LDR  02128cam a2200589 a 4500
=001  013138563
=003  Uk
=005  20050404114305.0
=006  m\\\\|\\\d\|\\\\\\
=007  cr||n\|||a||||
=008  050318s2004\\\\enk||||\s||||\00|\0\eng\\
=FMT  \\$a  BK
=015  \\$aGBA524697$2bnb
=020  \\$a1854496751 :$cNo price
=040  \\$aUk$beng$cUk
=042  \\$aukblsr
=082  04$a658.4038$222
=100  1\$aHall, Matthew$q(Matthew J.)
=245  10$aKnowledge management and the limits of knowledge codification$h[electronic resource] /$cby Matthew Hall.
=260  \\$aBirmingham :$bAston Business School,$c2004.
=336  \\$atext$2rdacontent
=337  \\$acomputer$2rdamedia
=338  \\$aonline resource$2rdacarrier
=490  0\$aAston Business School research papers ;$vRP0438
=538  \\$aMode of access: World Wide Web.
=538  \\$aSystem requirements: IBM compatible PC; Windows; Adobe Acrobat Reader.
=500  \\$aTitle from p.1 of PDF file.
=516  \\$aPDF format.
=610  10$aGreat Britain.$bPost Office.
=650  \0$aKnowledge management.
=650  \0$aKnowledge management$vCase studies.
=650  \0$aInformation organization.
=690  7\$aManagement and Business Studies$2blcoll
=710  2\$aAston Business School.
=856  40$uhttp://www.abs.aston.ac.uk/newweb/research/publications/docs/RP0438.pdf
=852  41$aBritish Library$bHMNTS$cDRT$j359759
=CAT  \\$a6524$b40$c20050318$lBLL01$h1415
=CAT  \\$a6524$b40$c20050318$lBLL01$h1416
=CAT  \\$a8141$b40$c20050322$lBLL01$h1430
=CAT  \\$a5194$b40$c20050404$lBLL01$h1143
=CAT  \\$aBATCH-UPD$b40$c20070912$lBLL01$h2021
=CAT  \\$aBATCH$b00$c20080505$lBLL01$h1320
=CAT  \\$aBATCH$b00$c20090611$lBLL01$h1717
=CAT  \\$aBATCH-UPD$b00$c20100804$lBLL01$h1146
=CAT  \\$aWR10_184$c20101208$lBLL01$h1635
=CAT  \\$aWR12-140$c20121030$lBLL01$h1048
=CAT  \\$aWR13.144/5$c20140418$lBLL01$h0930
=CAT  \\$aBATCH-UPD$b00$c20220403$lBLL01$h2118
=FIN  \\$aY$d20050322
=DRT  \\$aVDEP
=STA  \\$aSUPPRESSED$bWR10_184
=LAS  \\$aBATCH-UPD$b00$c20220403$lBLL01$h2118

