=LDR  01870 am a2200529 a 4500
=001  013146610
=003  Uk
=005  20050323155604.0
=006  m\\\\|\\\d\|\\\\\\
=007  cr||||||||||||
=008  050322s2005\\\\enk\\\\\s\\\\||0|\0\eng\\
=FMT  \\$a  BK
=015  \\$aGBA527104$2bnb
=020  \\$a1854496859 :$cNo price
=040  \\$aUk$beng$cUk
=042  \\$aukblsr
=082  04$a658.049$222
=100  1\$aRoper, Stephen.
=245  10$aInternational innovation comparisons$h[electronic resource] :$binsight or illusion? /$cby Stephen Roper and Nola Hewitt-Dundas.
=260  \\$aBirmingham :$bAston Business University,$c2005.
=336  \\$atext$2rdacontent
=337  \\$acomputer$2rdamedia
=338  \\$aonline resource$2rdacarrier
=490  0\$aAston Business School research papers$vRP0503
=538  \\$aMode of access: World Wide Web.
=538  \\$aSystem requirements: IBM compatible PC; Windows.
=500  \\$aTitle from title screen.
=516  \\$aWord format.
=650  \0$aCompetition, International.
=650  \0$aInternational economic relations.
=690  7\$aManagement and Business Studies$2blcoll
=700  1\$aHewitt-Dundas, Nola.
=710  2\$aAston Business School.
=856  4\$uhttp://www.abs.aston.ac.uk/newweb/research/publications/docs/RP0503.pdf
=852  41$aBritish Library$bHMNTS$cDRT$j359758
=CAT  \\$a7750$b40$c20050322$lBLL01$h1611
=CAT  \\$a11281$b40$c20050323$lBLL01$h1556
=CAT  \\$aBATCH-UPD$b40$c20070912$lBLL01$h2021
=CAT  \\$aBATCH$b00$c20080505$lBLL01$h1320
=CAT  \\$aBATCH$b00$c20090611$lBLL01$h1717
=CAT  \\$aWR10_184$c20101208$lBLL01$h1635
=CAT  \\$aWR12-140$c20121030$lBLL01$h1048
=CAT  \\$aWR13.144/5$c20140418$lBLL01$h0930
=FIN  \\$aY$d20050323
=DRT  \\$aVDEP
=STA  \\$aSUPPRESSED$bWR10_184
=LAS  \\$aWR13.144/5$b00$c20140418$lBLL01$h0930

