=LDR  02103 am a2200553 a 4500
=001  013146618
=003  Uk
=005  20050415150434.0
=006  m\\\\|\\\d\|\\\\\\
=007  cr||n\|||a||||
=008  050322s2005\\\\enk||||\s||||\00|\0\eng\\
=FMT  \\$a  BK
=015  \\$aGBA532397$2bnb
=020  \\$a1854496905 :$cNo price
=040  \\$aUk$beng$cUk
=042  \\$aukblsr
=082  04$a338.6420941$222
=100  1\$aRoper, Stephen
=245  10$aSmall firm growth and public policy in the UK: what exactly are the connections?$h[electronic resource] :$bwhat exactly are the connections? /$cStephen Roper and Mark Hart.
=260  \\$aBirmingham :$bAston University Business School,$c2005.
=336  \\$atext$2rdacontent
=337  \\$acomputer$2rdamedia
=338  \\$aonline resource$2rdacarrier
=490  0\$aAston Business School research papers ;$vRP0504
=538  \\$aMode of access: World Wide Web.
=538  \\$aSystem requirements: IBM compatible PC; Windows; Adobe Acrobat Reader.
=500  \\$aTitle from PDF title page.
=516  \\$aPDF format.
=650  \0$aSmall business$zGreat Britain$xGrowth$xEconometric models.
=650  \0$aSmall business$xGovernment policy$zGreat Britain.
=650  \0$aIndustrial policy$zGreat Britain$xEvaluation.
=690  7\$aManagement and Business Studies$2blcoll
=700  1\$aHart, Mark,$d1956-
=710  2\$aAston Business School
=856  40$uhttp://www.abs.aston.ac.uk/newweb/research/publications/docs/RP0504.pdf
=852  41$aBritish Library$bHMNTS$cDRT$j359767
=CAT  \\$a7750$b40$c20050322$lBLL01$h1616
=CAT  \\$a8141$b40$c20050415$lBLL01$h1504
=CAT  \\$aBATCH-UPD$b40$c20070912$lBLL01$h2021
=CAT  \\$aBATCH$b00$c20080505$lBLL01$h1320
=CAT  \\$aBATCH$b00$c20090611$lBLL01$h1717
=CAT  \\$aWR10_184$c20101208$lBLL01$h1635
=CAT  \\$aWR12-140$c20121030$lBLL01$h1048
=CAT  \\$a5100$b40$c20131024$lBLL01$h1258
=CAT  \\$aWR13.144/5$c20140418$lBLL01$h0930
=FIN  \\$aY$d20050415
=DRT  \\$aVDEP
=STA  \\$aSUPPRESSED$bWR10_184
=LAS  \\$aWR13.144/5$b00$c20140418$lBLL01$h0930

