=LDR  01930 am a2200541 a 4500
=001  013158719
=003  Uk
=005  20050324120036.0
=006  m\\\\|\\\d\|\\\\\\
=007  cr||||||||||||
=008  050323s2005\\\\enk\\\\\s\\\\||0|\0\eng\\
=FMT  \\$a  BK
=015  \\$aGBA527159$2bnb
=020  \\$cNo price
=040  \\$aUk$beng$cUk
=042  \\$aukblsr
=082  04$a339.46$222
=100  1\$aWhelan, Christopher T.
=245  10$aComparing poverty and deprivation dynamics$h[electronic resource] :$bissues of reliability and validity /$cChristopher T. Whelan and Betrand Mâitre.
=260  \\$a[Colchester :$bInstitute for Social and Economic Research,$c2005].
=336  \\$atext$2rdacontent
=337  \\$acomputer$2rdamedia
=338  \\$aonline resource$2rdacarrier
=490  0\$aEPAG working papers ;$vno. 2005-53
=538  \\$aMode of access: World Wide Web.
=538  \\$aSystem requirements: IBM compatible PC; Windows; Adobe Acrobat Reader.
=500  \\$aTitle from PDF title screen.
=516  \\$aPDF format.
=650  \0$aPoverty.
=650  \0$aPoverty$xMathematical models.
=650  \0$aPoverty$xStatistics.
=690  7\$aManagement and Business Studies$2blcoll
=700  1\$aMâitre, Bertrand.
=710  2\$aEuropean Panel Analysis Group.
=856  4\$uhttp://www.iser.essex.ac.uk/epag/pubs/workpaps/pdf/2005-53.pdf
=852  41$aBritish Library$bHMNTS$j359740$cDRT
=CAT  \\$a7750$b40$c20050323$lBLL01$h0843
=CAT  \\$a11281$b40$c20050324$lBLL01$h1200
=CAT  \\$aBATCH-UPD$b40$c20070912$lBLL01$h2021
=CAT  \\$aBATCH$b00$c20080505$lBLL01$h1320
=CAT  \\$aBATCH$b00$c20090611$lBLL01$h1717
=CAT  \\$aWR10_184$c20101208$lBLL01$h1635
=CAT  \\$aWR12-140$c20121030$lBLL01$h1048
=CAT  \\$aWR13.144/5$c20140418$lBLL01$h0930
=FIN  \\$aY$d20050324
=DRT  \\$aVDEP
=STA  \\$aSUPPRESSED$bWR10_184
=LAS  \\$aWR13.144/5$b00$c20140418$lBLL01$h0930

