=LDR  01954 am a2200541 a 4500
=001  013168159
=003  Uk
=005  20050408135545.0
=006  m\\\\|\\\d\|\\\\\\
=007  cr||||||||||||
=008  050401s2004\\\\enk\\\\\s\\\\||0|\0\eng\\
=FMT  \\$a  BK
=015  \\$aGBA527689$2bnb
=020  \\$a1854495747 :$cNo price
=040  \\$aUk$beng$cUk
=042  \\$aukblsr
=082  04$a519.3$222
=245  00$aControlling alliances through executing pressure$h[electronic resource] ?$cby L.A. Khodarinova ... [et al.].
=260  \\$aBirmingham :$bAston Business School,$c2004.
=336  \\$atext$2rdacontent
=337  \\$acomputer$2rdamedia
=338  \\$aonline resource$2rdacarrier
=490  1\$aAston Business School research papers$vRP0418
=538  \\$aMode of access: World Wide Web.
=538  \\$aSystem requirements: IBM compatible PC; Windows; Adobe Acrobat Reader.
=500  \\$aTitle from PDF title screen.
=516  \\$aPDF format.
=650  \0$aStrategic alliances (Business)$xMathematical models.
=650  \0$aGame theory.
=700  1\$aKhodarinova, L. A.$q(Larisa A.)
=710  2\$aAston Business School
=856  4\$uhttp://www.abs.aston.ac.uk/newweb/research/publications/docs/RP0418.pdf
=830  \0$aAston Business School research papers$vRP0418
=852  41$aBritish Library$bHMNTS$j359741$cDRT
=CAT  \\$a6524$b40$c20050401$lBLL01$h1441
=CAT  \\$a6524$b40$c20050401$lBLL01$h1443
=CAT  \\$a11281$b40$c20050404$lBLL01$h0942
=CAT  \\$a5194$b40$c20050408$lBLL01$h1355
=CAT  \\$aBATCH-UPD$b40$c20070912$lBLL01$h2021
=CAT  \\$aBATCH$b00$c20080505$lBLL01$h1320
=CAT  \\$aBATCH$b00$c20091217$lBLL01$h0347
=CAT  \\$aWR10_184$c20101208$lBLL01$h1635
=CAT  \\$aWR12-140$c20121030$lBLL01$h1048
=CAT  \\$aWR13.144/5$c20140418$lBLL01$h0930
=FIN  \\$aY$d20050404
=DRT  \\$aVDEP
=STA  \\$aSUPPRESSED$bWR10_184
=LAS  \\$aWR13.144/5$b00$c20140418$lBLL01$h0930

