=LDR  02018 am a2200541 a 4500
=001  013172671
=003  Uk
=005  20050411114231.0
=006  m\\\\|\\\d\|\\\\\\
=007  cr||n|||||||||
=008  050408s2004\\\\enk\\\\\sb\\\||0|\0\eng\\
=FMT  \\$a  BK
=015  \\$aGBA530457$2bnb
=020  \\$cNo price
=040  \\$aUk$beng$cUk
=042  \\$aukblsr
=082  04$a382.6$222
=100  1\$aGreenaway, David.
=245  10$aIndustry differences in the effect of the export market$h[electronic resource] :$blearning by exporting? /$cDavid Greenaway and Richard Kneller.
=260  \\$a[Nottingham :$bUniversity of Nottingham,$c2004].
=336  \\$atext$2rdacontent
=337  \\$acomputer$2rdamedia
=338  \\$aonline resource$2rdacarrier
=490  1\$aResearch paper series ;$v2004/33
=538  \\$aMode of access: World Wide Web.
=538  \\$aSystem requirements: IBM compatible PC; Windows; Adobe Acrobat Reader.
=500  \\$aTitle from PDF title screen.
=516  \\$aPDF format.
=504  \\$aIncludes bibliographical references.
=650  \0$aExport trading companies.
=690  7\$aManagement and Business Studies$2blcoll
=700  1\$aKneller, Richard.
=830  \0$aResearch paper series (Leverhulme Centre for Research on Globalisation and Economic Policy) ;$v2004/33.
=856  40$uhttp://www.nottingham.ac.uk/economics/leverhulme/research_papers/04_33.pdf
=852  41$aBritish Library$bHMNTS$j358468$cDRT
=CAT  \\$a10902$b40$c20050408$lBLL01$h1117
=CAT  \\$a10902$b40$c20050408$lBLL01$h1119
=CAT  \\$a11281$b40$c20050411$lBLL01$h1142
=CAT  \\$aBATCH-UPD$b40$c20070912$lBLL01$h2021
=CAT  \\$aBATCH$b00$c20080505$lBLL01$h1320
=CAT  \\$aBATCH$b00$c20090611$lBLL01$h1717
=CAT  \\$aWR10_184$c20101208$lBLL01$h1635
=CAT  \\$aWR12-140$c20121030$lBLL01$h1048
=CAT  \\$aWR13.144/5$c20140418$lBLL01$h0930
=FIN  \\$aY$d20050411
=DRT  \\$aVDEP
=STA  \\$aSUPPRESSED$bWR10_184
=LAS  \\$aWR13.144/5$b00$c20140418$lBLL01$h0930

