=LDR  02341 am a2200553 a 4500
=001  013172699
=003  Uk
=005  20050411115312.0
=006  m\\\\|\\\d\|\\\\\\
=007  cr||n\|||a||||
=008  050408s2004\\\\enk||||\s||||\00|\0\eng\\
=FMT  \\$a  BK
=015  \\$aGBA530464$2bnb
=040  \\$aUk$beng$cUk
=042  \\$aukblsr
=082  04$a382.60941$222
=100  1\$aGreenaway, David
=245  10$aExporting and productivity in the United Kingdom$h[electronic resource] /$cby David Greenaway and Richard Kneller.
=260  \\$a[Nottingham] :$bLeverhulme Centre for Research on Globalisation and Economic Policy,$c[2004].
=336  \\$atext$2rdacontent
=337  \\$acomputer$2rdamedia
=338  \\$aonline resource$2rdacarrier
=490  1\$aResearch paper series. Globalisation, productivity and technology ;$v2004/34
=538  \\$aMode of access: World Wide Web.
=538  \\$aSystem requirements: IBM compatible PC; Windows; Adobe Acrobat Reader.
=500  \\$aTitle from PDF title page.
=516  \\$aPDF format.
=650  \0$aExport trading companies$zGreat Britain$vStatistics.
=650  \0$aForeign trade promotion$zGreat Britain.
=650  \0$aIndustrial productivity$zGreat Britain$xMathematical models.
=690  7\$aManagement and Business Studies$2blcoll
=700  1\$aKneller, Richard.
=710  2\$aLeverhulme Centre for Research on Globalisation and Economic Policy (University of Nottingham)
=830  \0$aResearch paper series (Leverhulme Centre for Research on Globalisation and Economic Policy (University of Nottingham)).$pGlobalisation, productivity and technology ;$v2004/34
=856  40$uhttp://www.nottingham.ac.uk/economics/leverhulme/research_papers/04_34.pdf
=852  41$aBritish Library$bHMNTS$j358464$cDRT
=CAT  \\$a10902$b40$c20050408$lBLL01$h1137
=CAT  \\$a10902$b40$c20050408$lBLL01$h1138
=CAT  \\$a8141$b40$c20050411$lBLL01$h1153
=CAT  \\$aBATCH-UPD$b40$c20070912$lBLL01$h2021
=CAT  \\$aBATCH$b00$c20080505$lBLL01$h1320
=CAT  \\$aBATCH$b00$c20090611$lBLL01$h1717
=CAT  \\$aWR10_184$c20101208$lBLL01$h1635
=CAT  \\$aWR12-140$c20121030$lBLL01$h1048
=CAT  \\$aWR13.144/5$c20140418$lBLL01$h0930
=FIN  \\$aY$d20050411
=DRT  \\$aVDEP
=STA  \\$aSUPPRESSED$bWR10_184
=LAS  \\$aWR13.144/5$b00$c20140418$lBLL01$h0930

