=LDR  02114 am a2200577 a 4500
=001  013172725
=003  Uk
=005  20120417085503.0
=006  m\\\\|\\\d\|\\\\\\
=007  cr||n|||||||||
=008  050408s2004\\\\enk\\\\\sb\\\||0|\0\eng\\
=FMT  \\$a  BK
=015  \\$aGBA532254$2bnb
=020  \\$cNo price
=040  \\$aUk$beng$cUk
=042  \\$aukblsr
=082  04$a338.4767$222
=100  1\$aEgger, Hartmut.
=245  10$aOutsourcing and trade in a spatial world$h[electronic resource] /$cby Hartmut Egger and Peter Egger.
=260  \\$a[Nottingham :$bUniversity of Nottingham,$c2004].
=336  \\$atext$2rdacontent
=337  \\$acomputer$2rdamedia
=338  \\$aonline resource$2rdacarrier
=490  1\$aResearch paper series ;$v2004/36
=538  \\$aMode of access: World Wide Web.
=538  \\$aSystem requirements: IBM compatible PC; Windows; Adobe Acrobat Reader.
=500  \\$aTitle from PDF title screen.
=516  \\$aPDF format.
=504  \\$aIncludes bibliographical references.
=650  \0$aOffshore assembly industry.
=650  \0$aInternational trade.
=690  7\$aManagement and Business Studies$2blcoll
=700  1\$aEgger, Peter,$d1969-
=830  \0$aResearch paper series (Leverhulme Centre for Research on Globalisation and Economic Policy) ;$v2004/36.
=856  40$uhttp://www.nottingham.ac.uk/economics/leverhulme/research_papers/04_36.pdf
=852  41$aBritish Library$bHMNTS$j358473$cDRT
=CAT  \\$a10902$b40$c20050408$lBLL01$h1154
=CAT  \\$a10902$b40$c20050408$lBLL01$h1204
=CAT  \\$a11281$b40$c20050414$lBLL01$h1430
=CAT  \\$a11281$b40$c20050414$lBLL01$h1539
=CAT  \\$aBATCH-UPD$b40$c20070912$lBLL01$h2021
=CAT  \\$aBATCH$b00$c20080505$lBLL01$h1320
=CAT  \\$aBATCH$b00$c20090611$lBLL01$h1717
=CAT  \\$aWR10_184$c20101208$lBLL01$h1635
=CAT  \\$a6491$b40$c20120417$lBLL01$h0855
=CAT  \\$aWR12-140$c20121030$lBLL01$h1048
=CAT  \\$aWR13.144/5$c20140418$lBLL01$h0930
=FIN  \\$aY$d20050414
=DRT  \\$aVDEP
=STA  \\$aSUPPRESSED$bWR10_184
=LAS  \\$aWR13.144/5$b00$c20140418$lBLL01$h0930

