=LDR  03392 am a2200661 a 4500
=001  013172776
=003  Uk
=005  20050415112452.0
=006  m\\\\|\\\d\|\\\\\\
=007  cr||n\|||a||||
=008  050408s2004\\\\enk||||\s||||\00|\0\eng\\
=FMT  \\$a  BK
=015  \\$aGBA532330$2bnb
=020  \\$cNo price
=040  \\$aUk$beng$cUk
=042  \\$aukblsr
=082  04$a331.123015195$222
=100  1\$aGörg, Holger.
=245  10$aLabour demand effects of international outsourcing$h[electronic resource] :$bevidence from plant level data /$cby Holger Görg and Aoife Hanley.
=260  \\$aNottingham :$bLeverhulme Centre for Research on Globalisation and Economic Policy,$c2004.
=336  \\$atext$2rdacontent
=337  \\$acomputer$2rdamedia
=338  \\$aonline resource$2rdacarrier
=490  1\$aResearch paper series. Globalisation and labour markets ;$v2004/37
=538  \\$aMode of access: World Wide Web.
=538  \\$aSystem requirements: IBM compatible PC; Windows; Adobe Acrobat Reader.
=500  \\$aTitle from PDF title page.
=516  \\$aPDF format.
=520  \\$a"We examine empirically the effect of international outsourcing on labour demand at the level of the individual plant. We do so by estimating a dynamic model of plant level labour demand, using a Generalised Method of Moments estimator. We use plant level data for the Irish Electronics sector, an industry that has expanded rapidly over the last decade and that has witnessed significant offshoring activity . Our results suggest that, in the short run, there are significant reductions in plant level labour demand, which we attribute to the use of international outsourcing. There appear to be stronger negative effects from outsourcing of materials than from services outsourcing." - Publisher's web site.
=650  \0$aLabor demand$zGreat Britain$xStatistical methods.
=650  \0$aContracting out$zGreat Britain.
=650  \0$aElectronic industries$zIreland.
=650  \0$aElectronic industry workers$xSupply and demand$zIreland.
=690  7\$aManagement and Business Studies$2blcoll
=690  7\$aSocial Welfare$2blcoll
=700  1\$aHanley, Aoife.
=710  2\$aLeverhulme Centre for Research on Globalisation and Economic Policy (University of Nottingham)
=830  \0$aResearch paper series (Leverhulme Centre for Research on Globalisation and Economic Policy).$pGlobalisation and labour markets ;$v2004/37.
=856  40$uhttp://www.nottingham.ac.uk/economics/leverhulme/research_papers/04_37.pdf
=852  41$aBritish Library$bHMNTS$j358470$cDRT
=CAT  \\$a10902$b40$c20050408$lBLL01$h1257
=CAT  \\$a10902$b40$c20050408$lBLL01$h1306
=CAT  \\$a8141$b40$c20050415$lBLL01$h1118
=CAT  \\$a8141$b40$c20050415$lBLL01$h1124
=CAT  \\$a7332$b40$c20060419$lBLL01$h1351
=CAT  \\$aBATCH-UPD$b40$c20070912$lBLL01$h2021
=CAT  \\$aBATCH$b00$c20080505$lBLL01$h1320
=CAT  \\$aBATCH$b00$c20090611$lBLL01$h1717
=CAT  \\$aWR10_184$c20101208$lBLL01$h1635
=CAT  \\$aBATCH$b00$c20110625$lBLL01$h0513
=CAT  \\$aBATCH-SWP4$c20110627$lBLL01$h1555
=CAT  \\$aWR12-140$c20121030$lBLL01$h1048
=CAT  \\$aWR13.144/5$c20140418$lBLL01$h0930
=CAT  \\$aBATCH-UPD$b00$c20180103$lBLL01$h1728
=FIN  \\$aY$d20050415
=DRT  \\$aVDEP
=STA  \\$aSUPPRESSED$bWR10_184
=LAS  \\$aBATCH-UPD$b00$c20180103$lBLL01$h1728

