=LDR  03280 am a2200625 a 4500
=001  013172917
=003  Uk
=005  20050415150550.0
=006  m\\\\|\\\d\|\\\\\\
=007  cr||n\|||a||||
=008  050408s2005\\\\enk||||\s||||\00|\0\eng\\
=FMT  \\$a  BK
=015  \\$aGBA532353$2bnb
=020  \\$cNo price
=040  \\$aUk$beng$cUk
=042  \\$aukblsr
=082  04$a338.45670941$222
=100  1\$aGirma, Sourafel
=245  10$aAcquisition FDI and the export intensity of multinational firms$h[electronic resource] /$cby Sourafel Girma, Richard Kneller and Mauro Pisu.
=260  \\$aNottingham :$bLeverhulme Centre for Research on Globalisation and Economic Policy,$c2005.
=336  \\$atext$2rdacontent
=337  \\$acomputer$2rdamedia
=338  \\$aonline resource$2rdacarrier
=490  1\$aResearch paper series. Globalisation, productivity and technology ;$v2005/01
=538  \\$aMode of access: World Wide Web.
=538  \\$aSystem requirements: IBM compatible PC; Windows; Adobe Acrobat Reader.
=500  \\$aTitle from PDF title page.
=516  \\$aPDF format.
=520  \\$a"This paper investigates the impact of acquisition FDI on exporting intensity in U.K manufacturing. A quasi-likelihood estimation method is used, and the empirical estimates point to the following conclusions: (i) UK firms with higher exporting intensity are more likely to be foreign takeover targets; (ii) US acquired firms increase their exporting intensity, consistent with the idea that acquisition FDI is used as a platform for serving the wider EU market (iii) Firms acquired by European multinationals significantly decrease their export-orientation, suggesting targeting of the domestic market post-takeover; (iv) The exporting propensity of non-US and non-EU multinationals exhibits no significant change." - Publisher's web site.
=650  \0$aInvestments, Foreign$zGreat Britain$xEconometric models.
=650  \0$aConsolidation and merger of corporations.
=650  \0$aExports$xEconometric models.
=650  \0$aManufacturing industries$zGreat Britain.
=690  7\$aManagement and Business Studies$2blcoll
=700  1\$aKneller, Richard
=700  1\$aPisu, M.$q(Mauro)
=710  2\$aLeverhulme Centre for Research on Globalisation and Economic Policy (University of Nottingham)
=830  \0$aResearch paper series (Leverhulme Centre for Research on Globalisation and Economic Policy).$pGlobalisation, productivity and technology ;$v2005/01
=856  40$uhttp://www.nottingham.ac.uk/economics/leverhulme/research_papers/05_01.pdf
=852  41$aBritish Library$bHMNTS$j358462$cDRT
=CAT  \\$a10902$b40$c20050408$lBLL01$h1438
=CAT  \\$a10902$b40$c20050408$lBLL01$h1446
=CAT  \\$a8141$b40$c20050415$lBLL01$h1237
=CAT  \\$a8141$b40$c20050415$lBLL01$h1505
=CAT  \\$a7332$b40$c20060419$lBLL01$h1351
=CAT  \\$aBATCH-UPD$b40$c20070912$lBLL01$h2021
=CAT  \\$aBATCH$b00$c20080505$lBLL01$h1320
=CAT  \\$aBATCH$b00$c20090611$lBLL01$h1717
=CAT  \\$aWR10_184$c20101208$lBLL01$h1635
=CAT  \\$aWR12-140$c20121030$lBLL01$h1048
=CAT  \\$aWR13.144/5$c20140418$lBLL01$h0930
=FIN  \\$aY$d20050415
=DRT  \\$aVDEP
=STA  \\$aSUPPRESSED$bWR10_184
=LAS  \\$aWR13.144/5$b00$c20140418$lBLL01$h0930

