=LDR  02057 am a2200565 a 4500
=001  013172972
=003  Uk
=005  20050412094257.0
=006  m\\\\|\\\d\|\\\\\\
=007  cr||n|||||||||
=008  050408s2005\\\\enk\\\\\sb\\\||0|\0\eng\\
=FMT  \\$a  BK
=015  \\$aGBA530564$2bnb
=020  \\$cNo price
=040  \\$aUk$beng$cUk
=042  \\$aukblsr
=082  04$a331.89$222
=100  1\$aBastos, Paulo.
=245  10$aOpen shop unions and international trade liberalisation$h[electronic resource] /$cPaulo Bastos, Udo Kreickemeier and Peter Wright.
=260  \\$a[Nottingham :$bUniversity of Nottingham,$c2005].
=336  \\$atext$2rdacontent
=337  \\$acomputer$2rdamedia
=338  \\$aonline resource$2rdacarrier
=490  1\$aResearch paper series ;$v2005/02
=538  \\$aMode of access: World Wide Web.
=538  \\$aSystem requirements: IBM compatible PC; Windows; Adobe Acrobat Reader.
=500  \\$aTitle from PDF title screen.
=516  \\$aPDF format.
=650  \0$aLabor unions.
=650  \0$aFree trade.
=650  \0$aOpen and closed shop.
=650  \0$aOpen and closed shop$xMathematical models.
=690  7\$aManagement and Business Studies$2blcoll
=700  1\$aKreickemeier, U.$q(Udo)
=700  1\$aWright, Peter,$d1967-
=830  \0$aResearch paper series (Leverhulme Centre for Research on Globalisation and Economic Policy) ;$v2005/02.
=856  40$uhttp://www.nottingham.ac.uk/economics/leverhulme/research_papers/05_02.pdf
=852  41$aBritish Library$bHMNTS$j358472$cDRT
=CAT  \\$a10902$b40$c20050408$lBLL01$h1546
=CAT  \\$a11281$b40$c20050412$lBLL01$h0942
=CAT  \\$aBATCH-UPD$b40$c20070912$lBLL01$h2021
=CAT  \\$aBATCH$b00$c20080505$lBLL01$h1320
=CAT  \\$aBATCH$b00$c20090611$lBLL01$h1717
=CAT  \\$aWR10_184$c20101208$lBLL01$h1635
=CAT  \\$aWR12-140$c20121030$lBLL01$h1048
=CAT  \\$aWR13.144/5$c20140418$lBLL01$h0930
=FIN  \\$aY$d20050412
=DRT  \\$aVDEP
=STA  \\$aSUPPRESSED$bWR10_184
=LAS  \\$aWR13.144/5$b00$c20140418$lBLL01$h0930

