=LDR  02015 am a2200589 a 4500
=001  013173275
=003  Uk
=005  20050418103511.0
=006  m\\\\|\\\d\|\\\\\\
=007  cr|bn\|||a||||
=008  050411s2003\\\\enk\\\\\s\\\\\000\0\eng\\
=FMT  \\$a  BK
=015  \\$aGBA532358$2bnb
=020  \\$a1840293586 :$cNo price
=040  \\$aUk$beng$cUk
=042  \\$aukblsr
=082  04$a621.48380941$222
=100  10$aStratton, A.
=245  10$aNirex supplier questionnaire June 2003$h[electronic resource] /$cA. Stratton, S. Worrall.
=260  \\$aDidcot :$bUK Nirex Ltd,$c2004.
=336  \\$atext$2rdacontent
=337  \\$acomputer$2rdamedia
=338  \\$aonline resource$2rdacarrier
=490  1\$aNirex Report ;$vno. N/113
=538  \\$aMode of access: World Wide Web.
=538  \\$aSystem requirements: IBM compatible PC; Windows ; Adobe Acrobat Reader.
=500  \\$aTitle from PDF title screen.
=516  \\$aPDF format.
=500  \\$aJune 2003.
=650  \0$aRadioactive waste disposal$zGreat Britain.
=650  \0$aNuclear industry$zGreat Britain$xMarketing.
=700  1\$aWorrall, S.
=710  2\$aNIREX.
=856  40$uhttp://www.nirex.co.uk/foi/nxconsult/suppliersurvey.pdf
=830  \0$aNirex Report ;$vno. N/113
=852  41$aBritish Library$bHMNTS$j359822$cDRT
=CAT  \\$a6524$b40$c20050411$lBLL01$h1104
=CAT  \\$a6524$b40$c20050411$lBLL01$h1105
=CAT  \\$a6524$b40$c20050411$lBLL01$h1108
=CAT  \\$a7332$b40$c20050418$lBLL01$h0917
=CAT  \\$a7332$b40$c20050418$lBLL01$h1035
=CAT  \\$aBATCH-UPD$b40$c20070912$lBLL01$h2021
=CAT  \\$aBATCH$b00$c20080505$lBLL01$h1320
=CAT  \\$aBATCH$b00$c20091217$lBLL01$h0348
=CAT  \\$aWR10_184$c20101208$lBLL01$h1635
=CAT  \\$aWR12-140$c20121030$lBLL01$h1048
=CAT  \\$aWR13.144/5$c20140418$lBLL01$h0930
=CAT  \\$aBATCH-UPD$b00$c20201003$lBLL01$h1730
=FIN  \\$aY$d20050418
=DRT  \\$aVDEP
=STA  \\$aSUPPRESSED$bWR10_184
=LAS  \\$aBATCH-UPD$b00$c20201003$lBLL01$h1730

