=LDR  02194 am a2200601 a 4500
=001  013176839
=003  Uk
=005  20050415114508.0
=006  m\\\\|\\\d\|\\\\\\
=007  cr||n|||||||||
=008  050414s2005\\\\enk\\\\\sb\\\||0|\0\eng\\
=FMT  \\$a  BK
=015  \\$aGBA532324$2bnb
=020  \\$cNo price
=040  \\$aUk$beng$cUk
=042  \\$aukblsr
=082  04$a337$222
=100  1\$aKreickemeier, U.$q(Udo)
=245  10$aFair wages, unemployment and technological change in a global economy$h[electronic resource] /$cby Udo Kreickemeier and Douglas Nelson.
=260  \\$a[Nottingham :$bUniversity of Nottingham,$c2005].
=336  \\$atext$2rdacontent
=337  \\$acomputer$2rdamedia
=338  \\$aonline resource$2rdacarrier
=490  1\$aResearch paper series ;$v2005/05
=538  \\$aMode of access: World Wide Web.
=538  \\$aSystem requirements: IBM compatible PC; Windows; Adobe Acrobat Reader.
=500  \\$aTitle from PDF title screen.
=516  \\$aPDF format.
=504  \\$aIncludes bibliographical references.
=650  \0$aGlobalization.
=650  \0$aWages.
=650  \0$aUnemployed.
=650  \0$aTechnological innovations.
=690  7\$aManagement and Business Studies$2blcoll
=700  1\$aNelson, Douglas R.
=830  \0$aResearch paper series (Leverhulme Centre for Research on Globalisation and Economic Policy) ;$v2005/05.
=856  40$uhttp://www.nottingham.ac.uk/economics/leverhulme/research_papers/05_05.pdf
=852  41$aBritish Library$bHMNTS$j359781$cDRT
=CAT  \\$a10902$b40$c20050414$lBLL01$h1419
=CAT  \\$a10902$b40$c20050414$lBLL01$h1420
=CAT  \\$a11281$b40$c20050415$lBLL01$h1008
=CAT  \\$a11281$b40$c20050415$lBLL01$h1051
=CAT  \\$a5194$b40$c20050415$lBLL01$h1145
=CAT  \\$aBATCH-UPD$b40$c20070912$lBLL01$h2021
=CAT  \\$aBATCH$b00$c20080505$lBLL01$h1320
=CAT  \\$aBATCH$b00$c20090611$lBLL01$h1717
=CAT  \\$aWR10_184$c20101208$lBLL01$h1635
=CAT  \\$aWR12-140$c20121030$lBLL01$h1048
=CAT  \\$aWR13.144/5$c20140418$lBLL01$h0930
=FIN  \\$aY$d20050415
=DRT  \\$aVDEP
=STA  \\$aSUPPRESSED$bWR10_184
=LAS  \\$aWR13.144/5$b00$c20140418$lBLL01$h0930

