=LDR  02161 am a2200577 a 4500
=001  013176860
=003  Uk
=005  20120417085515.0
=006  m\\\\|\\\d\|\\\\\\
=007  cr||n|||||||||
=008  050414s2005\\\\enk\\\\\s\\\\||0|\0\eng\\
=FMT  \\$a  BK
=015  \\$aGBA532327$2bnb
=020  \\$cNo price
=040  \\$aUk$beng$cUk
=042  \\$aukblsr
=082  04$a382.71$222
=100  1\$aEgger, Hartmut.
=245  10$aTrade liberalisation with multinational firms$h[electronic resource] :$beffects on welfare and intra-industry trade /$cby Hartmut Egger, Peter Egger and David Greenaway.
=260  \\$a[Nottingham :$bUniversity of Nottingham,$c2005].
=336  \\$atext$2rdacontent
=337  \\$acomputer$2rdamedia
=338  \\$aonline resource$2rdacarrier
=490  1\$aResearch paper series ;$v2005/06
=538  \\$aMode of access: World Wide Web.
=538  \\$aSystem requirements: IBM compatible PC; Windows; Adobe Acrobat Reader.
=500  \\$aTitle from PDF title screen.
=516  \\$aPDF format.
=650  \0$aFree trade.
=650  \0$aFree trade$xMathematical models.
=650  \0$aInternational business enterprises.
=690  7\$aManagement and Business Studies$2blcoll
=700  1\$aEgger, Peter,$d1969-
=700  1\$aGreenaway, David.
=830  \0$aResearch paper series (Leverhulme Centre for Research on Globalisation and Economic Policy) ;$v2005/06.
=856  40$uhttp://www.nottingham.ac.uk/economics/leverhulme/research_papers/05_06.pdf
=852  41$aBritish Library$bHMNTS$j359806$cDRT
=CAT  \\$a10902$b40$c20050414$lBLL01$h1429
=CAT  \\$a10902$b40$c20050414$lBLL01$h1431
=CAT  \\$a11281$b40$c20050415$lBLL01$h1118
=CAT  \\$aBATCH-UPD$b40$c20070912$lBLL01$h2021
=CAT  \\$aBATCH$b00$c20080505$lBLL01$h1320
=CAT  \\$aBATCH$b00$c20090611$lBLL01$h1717
=CAT  \\$aWR10_184$c20101208$lBLL01$h1635
=CAT  \\$a6491$b40$c20120417$lBLL01$h0855
=CAT  \\$aWR12-140$c20121030$lBLL01$h1048
=CAT  \\$aWR13.144/5$c20140418$lBLL01$h0930
=FIN  \\$aY$d20050415
=DRT  \\$aVDEP
=STA  \\$aSUPPRESSED$bWR10_184
=LAS  \\$aWR13.144/5$b00$c20140418$lBLL01$h0930

