=LDR  02066 am a2200553 a 4500
=001  013176930
=003  Uk
=005  20050418085928.0
=006  m\\\\|\\\d\|\\\\\\
=007  cr||n|||||||||
=008  050414s2005\\\\enk\\\\\s\\\\||0|\0\eng\\
=FMT  \\$a  BK
=015  \\$aGBA532442$2bnb
=020  \\$cNo price
=040  \\$aUk$beng$cUk
=042  \\$aukblsr
=082  04$a364.1323$222
=100  1\$aHaque, M. Emranul.
=245  10$aEndogenous probability of detection in a simple model of corruption and growth$h[electronic resource] /$cby M. Emranul Haque.
=260  \\$a[Nottingham :$bUniversity of Nottingham,$c2005].
=336  \\$atext$2rdacontent
=337  \\$acomputer$2rdamedia
=338  \\$aonline resource$2rdacarrier
=490  1\$aResearch paper series ;$v2005/08
=538  \\$aMode of access: World Wide Web.
=538  \\$aSystem requirements: IBM compatible PC; Windows; Adobe Acrobat Reader.
=500  \\$aTitle from PDF title screen.
=516  \\$aPDF format.
=650  \0$aCivil service$xCorrupt practices.
=650  \0$aCivil service$xCorrupt practices$xMathematical models.
=650  \0$aExpenditures, Public.
=690  7\$aSocial Welfare$2blcoll
=830  \0$aResearch paper series (Leverhulme Centre for Research on Globalisation and Economic Policy) ;$v2005/08.
=856  40$uhttp://www.nottingham.ac.uk/economics/leverhulme/research_papers/05_08.pdf
=852  41$aBritish Library$bHMNTS$j359780$cDRT
=CAT  \\$a10902$b40$c20050414$lBLL01$h1530
=CAT  \\$a10902$b40$c20050414$lBLL01$h1538
=CAT  \\$a11281$b40$c20050418$lBLL01$h0859
=CAT  \\$aBATCH-UPD$b40$c20070912$lBLL01$h2021
=CAT  \\$aBATCH$b00$c20080505$lBLL01$h1320
=CAT  \\$aWR10_184$c20101208$lBLL01$h1635
=CAT  \\$aBATCH$b00$c20110625$lBLL01$h0513
=CAT  \\$aBATCH-SWP4$c20110627$lBLL01$h1555
=CAT  \\$aWR12-140$c20121030$lBLL01$h1048
=CAT  \\$aWR13.144/5$c20140418$lBLL01$h0930
=FIN  \\$aY$d20050418
=DRT  \\$aVDEP
=STA  \\$aSUPPRESSED$bWR10_184
=LAS  \\$aWR13.144/5$b00$c20140418$lBLL01$h0930

