=LDR  02354 am a2200601 a 4500
=001  013177646
=003  Uk
=005  20050419145121.0
=006  m\\\\|\\\d\|\\\\\\
=007  cr||n\|||a||||
=008  050415s2005\\\\enk||||\s||||\00|\0\eng\\
=FMT  \\$a  BK
=015  \\$aGBA532608$2bnb
=020  \\$cNo price
=040  \\$aUk$beng$cUk
=042  \\$aukblsr
=082  04$a304.6301519$222
=100  1\$aNicoletti, Cheti.
=245  10$aDifferences in delaying motherhood across European countries$h[electronic resource] :$bempirical evidence from the ECHP /$cCheti Nicoletti, Maria Letizia Tanturri.
=260  \\$aColchester :$bInstitute for Social and Economic Research, University of Essex,$c2005.
=336  \\$atext$2rdacontent
=337  \\$acomputer$2rdamedia
=338  \\$aonline resource$2rdacarrier
=490  1\$aISER working papers ;$v2005-04
=538  \\$aMode of access: World Wide Web.
=538  \\$aSystem requirements: IBM compatible PC; Windows; Adobe Acrobat Reader.
=500  \\$aTitle from PDF title page.
=516  \\$aPDF format.
=650  \0$aMotherhood$zEuropean Union countries$xMathematical models.
=650  \0$aBirth control$zEuropean Union countries.
=650  \0$aFamily demography$zEuropean Union countries$xMathematical models.
=650  \0$aFertility, Human$zEuropean Union countries$xMathematical models.
=690  7\$aSocial Welfare$2blcoll
=700  1\$aTanturri, Maria Letizia.
=710  2\$aUniversity of Essex.$bInstitute for Social and Economic Research
=856  40$uhttp://www.iser.essex.ac.uk/pubs/workpaps/pdf/2005-04.pdf
=830  \0$aISER working papers ;$v2005-04
=852  41$aBritish Library$bHMNTS$j359744$cDRT
=CAT  \\$a10902$b40$c20050415$lBLL01$h1540
=CAT  \\$a8141$b40$c20050419$lBLL01$h0959
=CAT  \\$a5194$b40$c20050419$lBLL01$h1451
=CAT  \\$aBATCH-UPD$b40$c20070912$lBLL01$h2022
=CAT  \\$aBATCH$b00$c20080505$lBLL01$h1320
=CAT  \\$aBATCH$b00$c20091217$lBLL01$h0349
=CAT  \\$aWR10_184$c20101208$lBLL01$h1635
=CAT  \\$aBATCH$b00$c20110625$lBLL01$h0513
=CAT  \\$aBATCH-SWP4$c20110627$lBLL01$h1555
=CAT  \\$aWR12-140$c20121030$lBLL01$h1048
=CAT  \\$aWR13.144/5$c20140418$lBLL01$h0930
=FIN  \\$aY$d20050419
=DRT  \\$aVDEP
=STA  \\$aSUPPRESSED$bWR10_184
=LAS  \\$aWR13.144/5$b00$c20140418$lBLL01$h0930

