=LDR  01907 am a2200529 a 4500
=001  013177835
=003  Uk
=005  20050418140543.0
=006  m\\\\|\\\d\|\\\\\\
=007  cr||n|||||||||
=008  050418s2004\\\\enk\\\\\s\\\\||0|\0\eng\\
=FMT  \\$a  BK
=015  \\$aGBA532516$2bnb
=020  \\$a1854495895 :$cNo price
=040  \\$aUk$beng$cUk
=042  \\$aukblsr
=082  04$a338.926$222
=100  1\$aHigón, Dolores Añón.
=245  14$aThe impact of research and development spillovers on UK manufacturing TFP$h[electronic resource] /$cby Dolores Añón Higón.
=260  \\$aBirmingham :$bAston Business School,$c2004.
=336  \\$atext$2rdacontent
=337  \\$acomputer$2rdamedia
=338  \\$aonline resource$2rdacarrier
=490  0\$aAston Business School research papers ;$vRP0421
=538  \\$aMode of access: World Wide Web.
=538  \\$aSystem requirements: IBM compatible PC; Windows; Adobe Acrobat Reader.
=500  \\$aTitle from PDF title screen.
=516  \\$aPDF format.
=650  \0$aTechnology transfer.
=650  \0$aResearch, Industrial.
=690  7\$aManagement and Business Studies$2blcoll
=856  4\$uhttp://www.abs.aston.ac.uk/newweb/research/publications/docs/RP0421.pdf
=852  41$aBritish Library$bHMNTS$j359770$cDRT
=CAT  \\$a6524$b40$c20050418$lBLL01$h0922
=CAT  \\$a6524$b40$c20050418$lBLL01$h0925
=CAT  \\$a11281$b40$c20050418$lBLL01$h1404
=CAT  \\$a11281$b40$c20050418$lBLL01$h1405
=CAT  \\$aBATCH-UPD$b40$c20070912$lBLL01$h2022
=CAT  \\$aBATCH$b00$c20080505$lBLL01$h1320
=CAT  \\$aBATCH$b00$c20090611$lBLL01$h1717
=CAT  \\$aWR10_184$c20101208$lBLL01$h1635
=CAT  \\$aWR12-140$c20121030$lBLL01$h1048
=CAT  \\$aWR13.144/5$c20140418$lBLL01$h0930
=FIN  \\$aY$d20050418
=DRT  \\$aVDEP
=STA  \\$aSUPPRESSED$bWR10_184
=LAS  \\$aWR13.144/5$b00$c20140418$lBLL01$h0930

