=LDR  02001 am a2200553 a 4500
=001  013177844
=003  Uk
=005  20050418111326.0
=006  m\\\\|\\\d\|\\\\\\
=007  cr|bn\|||a||||
=008  050418s2005\\\\enk\\\\\s\\\\\000\0\eng\\
=FMT  \\$a  BK
=015  \\$aGBA532465$2bnb
=040  \\$aUk$beng$cUk
=042  \\$aukblsr
=082  04$a620.192$222
=245  00$aReview of accelerated ageing methods and lifetime prediction techniques for polymeric materials$h[electronic resource] /$cA.S. Maxwell ... [et al.].
=260  \\$aTeddington :$bNational Physical Laboratory,$c2005.
=336  \\$atext$2rdacontent
=337  \\$acomputer$2rdamedia
=338  \\$aonline resource$2rdacarrier
=490  1\$aNPL report ;$vDEPC MPR 016
=538  \\$aMode of access: World Wide Web.
=538  \\$aSystem requirements: IBM compatible PC; Windows or later; Adobe Acrobat Reader.
=500  \\$aTitle from PDF title page.
=516  \\$aPDF format.
=650  \0$aPolymers$xDeterioration.
=650  \0$aPolymeric composites$xDeterioration.
=650  \0$aPolymers$xTesting.
=650  \0$aPolymeric composites$xTesting.
=700  1\$aMaxwell, A.
=710  2\$aNational Physical Laboratory (Great Britain)
=856  40$uhttp://www.npl.co.uk/adhesives/documents/depc_mpr_016.pdf
=830  \0$aNPL report ;$vDEPC MPR 016
=852  41$aBritish Library$bHMNTS$j359765$cDRT
=CAT  \\$a10902$b40$c20050418$lBLL01$h0927
=CAT  \\$a10902$b40$c20050418$lBLL01$h0928
=CAT  \\$a7332$b40$c20050418$lBLL01$h1109
=CAT  \\$a7332$b40$c20050418$lBLL01$h1113
=CAT  \\$aBATCH-UPD$b40$c20070912$lBLL01$h2022
=CAT  \\$aBATCH$b00$c20080505$lBLL01$h1320
=CAT  \\$aBATCH$b00$c20091217$lBLL01$h0349
=CAT  \\$aWR10_184$c20101208$lBLL01$h1635
=CAT  \\$aWR12-140$c20121030$lBLL01$h1048
=CAT  \\$aWR13.144/5$c20140418$lBLL01$h0930
=FIN  \\$aY$d20050418
=DRT  \\$aVDEP
=STA  \\$aSUPPRESSED$bWR10_184
=LAS  \\$aWR13.144/5$b00$c20140418$lBLL01$h0930

