=LDR  01893 am a2200541 a 4500
=001  013177856
=003  Uk
=005  20050419090521.0
=006  m\\\\|\\\d\|\\\\\\
=007  cr||n|||||||||
=008  050418s2004\\\\enk\\\\\sb\\\||0|\0\eng\\
=FMT  \\$a  BK
=015  \\$aGBA532586$2bnb
=020  \\$a1854495445 :$cNo price
=040  \\$aUk$beng$cUk
=042  \\$aukblsr
=082  04$a332.645$222
=245  00$aOptimal strategic investment in a duopoly$h[electronic resource] /$cby J.M. Binner ... [et al.].
=260  \\$aBirmingham :$bAston Business School,$c2004.
=336  \\$atext$2rdacontent
=337  \\$acomputer$2rdamedia
=338  \\$aonline resource$2rdacarrier
=490  0\$aAston Business School research papers ;$vRP0412
=538  \\$aMode of access: World Wide Web.
=538  \\$aSystem requirements: IBM compatible PC; Windows; Adobe Acrobat Reader.
=500  \\$aTitle from PDF title screen.
=516  \\$aPDF format.
=504  \\$aIncludes bibliographical references.
=650  \0$aOptions (Finance)
=650  \0$aInvestments.
=650  \0$aGame theory.
=690  7\$aManagement and Business Studies$2blcoll
=700  1\$aBinner, Jane M.,$d1961-
=856  4\$uhttp://www.abs.aston.ac.uk/newweb/research/publications/docs/RP0412.pdf
=852  41$aBritish Library$bHMNTS$j359761$cDRT
=CAT  \\$a6524$b40$c20050418$lBLL01$h0937
=CAT  \\$a6524$b40$c20050418$lBLL01$h0940
=CAT  \\$a11281$b40$c20050419$lBLL01$h0905
=CAT  \\$aBATCH-UPD$b40$c20070912$lBLL01$h2022
=CAT  \\$aBATCH$b00$c20080505$lBLL01$h1320
=CAT  \\$aBATCH$b00$c20090611$lBLL01$h1717
=CAT  \\$aWR10_184$c20101208$lBLL01$h1635
=CAT  \\$aWR12-140$c20121030$lBLL01$h1048
=CAT  \\$aWR13.144/5$c20140418$lBLL01$h0930
=FIN  \\$aY$d20050419
=DRT  \\$aVDEP
=STA  \\$aSUPPRESSED$bWR10_184
=LAS  \\$aWR13.144/5$b00$c20140418$lBLL01$h0930

