=LDR  02056 am a2200565 a 4500
=001  013182699
=003  Uk
=005  20050422121717.0
=006  m\\\\|\\\d\|\\\\\\
=007  cr||n|||||||||
=008  050422s2004\\\\enk\\\\\sb\\\|000\0\eng\\
=FMT  \\$a  BK
=015  \\$aGBA534799$2bnb
=020  \\$z1854496657 :$cNo price
=040  \\$aUk$beng$cUk
=042  \\$aukblsr
=082  04$a300.15195$222
=100  1\$aDespic, Ozren.
=245  10$aDea-r relative efficiency model$h[electronic resource] :$bsome theoretical and practical considerations /$cby Ozren Despic.
=260  \\$aBirmingham :$bAston Business School,$c2004.
=336  \\$atext$2rdacontent
=337  \\$acomputer$2rdamedia
=338  \\$aonline resource$2rdacarrier
=490  1\$aAston Business School research papers ;$vRP0435
=538  \\$aMode of access: World Wide Web.
=538  \\$aSystem requirements: IBM compatible PC; Windows; Adobe Acrobat Reader.
=500  \\$aTitle from PDF title screen.
=516  \\$aPDF format.
=504  \\$aIncludes bibliographical references.
=650  \0$aData envelopment analysis.
=650  \0$aRatio analysis.
=856  4\$uhttp://www.abs.aston.ac.uk/newweb/research/publications/docs/RP0435.pdf
=830  \0$aAston Business School research papers ;$vRP0435.
=852  41$aBritish Library$bHMNTS$j357070$cDRT
=CAT  \\$a6524$b40$c20050422$lBLL01$h1104
=CAT  \\$a6524$b40$c20050422$lBLL01$h1112
=CAT  \\$a11281$b40$c20050422$lBLL01$h1138
=CAT  \\$a11281$b40$c20050422$lBLL01$h1139
=CAT  \\$a11281$b40$c20050422$lBLL01$h1217
=CAT  \\$aBATCH-UPD$b40$c20070912$lBLL01$h2022
=CAT  \\$aBATCH$b00$c20080505$lBLL01$h1320
=CAT  \\$aBATCH$b00$c20091217$lBLL01$h0349
=CAT  \\$aBATCH-UPD$b00$c20100910$lBLL01$h2019
=CAT  \\$aWR10_184$c20101208$lBLL01$h1635
=CAT  \\$aWR12-140$c20121030$lBLL01$h1048
=CAT  \\$aWR13.144/5$c20140418$lBLL01$h0930
=FIN  \\$aY$d20050422
=DRT  \\$aVDEP
=STA  \\$aSUPPRESSED$bWR10_184
=LAS  \\$aWR13.144/5$b00$c20140418$lBLL01$h0930

