=LDR  02331 am a2200601 a 4500
=001  013182735
=003  Uk
=005  20050422142221.0
=006  m\\\\|\\\d\|\\\\\\
=007  cr||n|||||||||
=008  050422s2004\\\\enk\\\\\s\\\\|000\0\eng\\
=FMT  \\$a  BK
=015  \\$aGBA534853$2bnb
=020  \\$a185449645X :$cNo price
=040  \\$aUk$beng$cUk
=042  \\$aukblsr
=082  04$a363.610941$222
=100  1\$aSaal, David S.
=245  10$aDetermining the contribution of technical efficiency and scale change to productivity growth in the privatized English and Welsh water and sewerage industry$h[electronic resource] :$b1985-2000 /$cby David S. Saal, David Parker and Tom Weyman-Jones.
=260  \\$aBirmingham :$bAston Business School,$c2004.
=336  \\$atext$2rdacontent
=337  \\$acomputer$2rdamedia
=338  \\$aonline resource$2rdacarrier
=490  1\$aAston Business School research papers ;$vRP0433
=538  \\$aMode of access: World Wide Web.
=538  \\$aSystem requirements: IBM compatible PC; Windows; Adobe Acrobat Reader.
=500  \\$aTitle from PDF title screen.
=516  \\$aPDF format.
=650  \0$aSewerage$zEngland.
=650  \0$aSewerage$zWales.
=650  \0$aWater utilities$xDeregulation$zEngland.
=650  \0$aWater utilities$xDeregulation$zWales.
=700  1\$aParker, David,$d1949 September 28-
=700  1\$aWeyman-Jones, Thomas G.,$d1947-
=856  4\$uhttp://www.abs.aston.ac.uk/newweb/research/publications/docs/RP0433.pdf
=830  \0$aAston Business School research papers ;$vRP0433.
=852  41$aBritish Library$bHMNTS$j357072$cDRT
=985  \\$aRecord amended for WR# 13/070
=CAT  \\$a6524$b40$c20050422$lBLL01$h1128
=CAT  \\$a6524$b40$c20050422$lBLL01$h1130
=CAT  \\$a11281$b40$c20050422$lBLL01$h1422
=CAT  \\$aBATCH-UPD$b40$c20070912$lBLL01$h2022
=CAT  \\$aBATCH$b00$c20080505$lBLL01$h1320
=CAT  \\$aBATCH$b00$c20091217$lBLL01$h0349
=CAT  \\$aBATCH-UPD$b00$c20100910$lBLL01$h2019
=CAT  \\$aWR10_184$c20101208$lBLL01$h1635
=CAT  \\$aWR12-140$c20121030$lBLL01$h1048
=CAT  \\$aWR13_070$b00$c20130504$lBLL01$h0239
=CAT  \\$aWR13.144/5$c20140418$lBLL01$h0930
=FIN  \\$aY$d20050422
=DRT  \\$aVDEP
=STA  \\$aSUPPRESSED$bWR10_184
=LAS  \\$aWR13.144/5$b00$c20140418$lBLL01$h0930

