=LDR  01816 am a2200505 a 4500
=001  013182884
=003  Uk
=005  20050426113140.0
=006  m\\\\|\\\d\|\\\\\\
=007  cr||n|||||||||
=008  050422s2003\\\\enk\\\\\s\\\\o000\0\eng\\
=FMT  \\$a  BK
=020  \\$cNo price
=040  \\$aUk$beng$cUk
=042  \\$aukblsr
=082  04$a332.350941$222
=245  02$aA consultation document on the licensing regime under the consumer credit act 1974$h[electronic resource]
=260  \\$a[London] :$bDTI,$c[2003].
=336  \\$atext$2rdacontent
=337  \\$acomputer$2rdamedia
=338  \\$aonline resource$2rdacarrier
=538  \\$aMode of access: World Wide Web.
=538  \\$aSystem requirements: IBM compatible PC; Windows; Adobe Acrobat Reader.
=500  \\$aTitle from PDF title screen.
=516  \\$aPDF format.
=500  \\$aPublisher's no.: URN 03/1745.
=650  \0$aConsumer credit$zGreat Britain.
=650  \0$aConsumer credit$xLaw and legislation$zGreat Britain.
=690  7\$aManagement and Business Studies$2blcoll
=710  1\$aGreat Britain.$bConsumer Affairs & Competition Policy Directorate.
=856  4\$uhttp://www.dti.gov.uk/ccp/consultpdf/credlic.pdf
=852  41$aBritish Library$bHMNTS$j355026$cDRT
=CAT  \\$a6524$b40$c20050422$lBLL01$h1444
=CAT  \\$a6524$b40$c20050422$lBLL01$h1448
=CAT  \\$a11281$b40$c20050426$lBLL01$h1131
=CAT  \\$aBATCH-UPD$b40$c20070912$lBLL01$h2022
=CAT  \\$aBATCH$b00$c20080505$lBLL01$h1320
=CAT  \\$aBATCH$b00$c20090611$lBLL01$h1718
=CAT  \\$aWR10_184$c20101208$lBLL01$h1635
=CAT  \\$aWR12-140$c20121030$lBLL01$h1048
=CAT  \\$aWR13.144/5$c20140418$lBLL01$h0930
=FIN  \\$aY$d20050426
=DRT  \\$aVDEP
=STA  \\$aSUPPRESSED$bWR10_184
=LAS  \\$aWR13.144/5$b00$c20140418$lBLL01$h0930

