=LDR  01894 am a2200517 a 4500
=001  013182897
=003  Uk
=005  20050427093712.0
=006  m\\\\|\\\d\|\\\\\\
=007  cr||n|||||||||
=008  050422s2003\\\\enk\\\\\s\\\\o000\0\eng\\
=FMT  \\$a  BK
=015  \\$aGBA537102$2bnb
=020  \\$cNo price
=040  \\$aUk$beng$cUk
=042  \\$aukblsr
=082  04$a332.350941$222
=245  02$aA summary of responses to the DTI's consultation on the early settlement of credit agreements under the Consumer Credit Act 1974$h[electronic resource]
=260  \\$aLondon :$bDTI,$c2003.
=336  \\$atext$2rdacontent
=337  \\$acomputer$2rdamedia
=338  \\$aonline resource$2rdacarrier
=538  \\$aMode of access: World Wide Web.
=538  \\$aSystem requirements: IBM compatible PC; Windows; Adobe Acrobat Reader.
=500  \\$aTitle from PDF title screen.
=516  \\$aPDF format.
=500  \\$aPublisher's no.: URN 02/1490.
=650  \0$aConsumer credit$zGreat Britain.
=650  \0$aConsumer credit$xLaw and legislation$zGreat Britain.
=690  7\$aManagement and Business Studies$2blcoll
=710  1\$aGreat Britain.$bConsumer Affairs & Competition Policy Directorate.
=856  4\$uhttp://www.dti.gov.uk/ccp/consultpdf/earlycredit2.pdf
=852  41$aBritish Library$bHMNTS$j355027$cDRT
=CAT  \\$a6524$b40$c20050422$lBLL01$h1453
=CAT  \\$a6524$b40$c20050422$lBLL01$h1455
=CAT  \\$a11281$b40$c20050427$lBLL01$h0937
=CAT  \\$aBATCH-UPD$b40$c20070912$lBLL01$h2022
=CAT  \\$aBATCH$b00$c20080505$lBLL01$h1320
=CAT  \\$aBATCH$b00$c20090611$lBLL01$h1718
=CAT  \\$aWR10_184$c20101208$lBLL01$h1635
=CAT  \\$aWR12-140$c20121030$lBLL01$h1048
=CAT  \\$aWR13.144/5$c20140418$lBLL01$h0930
=FIN  \\$aY$d20050427
=DRT  \\$aVDEP
=STA  \\$aSUPPRESSED$bWR10_184
=LAS  \\$aWR13.144/5$b00$c20140418$lBLL01$h0930

