=LDR  02200 am a2200613 a 4500
=001  013182901
=003  Uk
=005  20050609134228.0
=006  m\\\\|\\\d\|\\\\\\
=007  cr||||||||||||
=008  050422s2005\\\\enk\\\\\s\\\\o000\0\eng\\
=FMT  \\$a  BK
=020  \\$cNo price
=040  \\$aUk$beng$cUk
=042  \\$aukblsr
=082  04$a331.21530941$222
=245  03$aAn introduction to the equal pay review kit.$h[electronic resource]
=260  \\$a[London] :$bDTI,$cc2005.
=336  \\$atext$2rdacontent
=337  \\$acomputer$2rdamedia
=338  \\$aonline resource$2rdacarrier
=490  0\$aAchieving best practice in your business
=538  \\$aMode of access: World Wide Web.
=538  \\$aSystem requirements: Adobe Acrobat Reader.
=500  \\$aTitle from PDF title screen (viewed on 9 June, 2005)
=516  \\$aPDF format.
=500  \\$aURN 05/782.
=690  7\$aManagement and Business Studies$2blcoll
=650  \0$aEqual pay for equal work$zGreat Britain.
=650  \0$aPay equity$zGreat Britain.
=650  \0$aSex discrimination in employment$zGreat Britain.
=650  \0$aWomen$xEmployment$zGreat Britain.
=710  1\$aGreat Britain.$bDepartment of Trade and Industry.
=856  40$uhttp://www.dti.gov.uk/bestpractice/assets/eoc-equal-pay.pdf
=852  41$aBritish Library$bHMNTS$j355028$cDRT
=985  \\$aRecord amended for WR# 13/070
=CAT  \\$a6524$b40$c20050422$lBLL01$h1459
=CAT  \\$a6524$b40$c20050422$lBLL01$h1500
=CAT  \\$a7332$b40$c20050609$lBLL01$h0847
=CAT  \\$a7332$b40$c20050609$lBLL01$h0848
=CAT  \\$a7332$b40$c20050609$lBLL01$h1337
=CAT  \\$a7332$b40$c20050609$lBLL01$h1342
=CAT  \\$aBATCH-UPD$b40$c20070723$lBLL01$h1550
=CAT  \\$aBATCH-UPD$b40$c20070912$lBLL01$h2022
=CAT  \\$aBATCH$b00$c20080505$lBLL01$h1320
=CAT  \\$aBATCH$b00$c20090611$lBLL01$h1718
=CAT  \\$aWR10_184$c20101208$lBLL01$h1635
=CAT  \\$aWR12-140$c20121030$lBLL01$h1048
=CAT  \\$aWR13_070$b00$c20130504$lBLL01$h0239
=CAT  \\$aWR13.144/5$c20140418$lBLL01$h0930
=FIN  \\$aY$d20050609
=DRT  \\$aVDEP
=STA  \\$aSUPPRESSED$bWR10_184
=LAS  \\$aWR13.144/5$b00$c20140418$lBLL01$h0930

