=LDR  01897 am a2200565 a 4500
=001  013183043
=003  Uk
=005  20050601105729.0
=006  m\\\\|\\\d\|\\\\\\
=007  cr||||||||||||
=008  050425s2005\\\\enk\\\\\s\\\\o000\0\eng\\
=FMT  \\$a  BK
=040  \\$aUk$beng$cUk
=042  \\$aukblsr
=082  04$a635.9$222
=245  00$aBlossoms.com$h[electronic resource]
=260  \\$a[London] :$bDTI,$cc2005.
=336  \\$atext$2rdacontent
=337  \\$acomputer$2rdamedia
=338  \\$aonline resource$2rdacarrier
=490  1\$aBest practice in technology
=490  0\$aAchieving best practice in your business
=538  \\$aMode of access: World Wide Web.
=538  \\$aSystem requirements: Adobe Acrobat Reader.
=500  \\$aTitle from PDF title page.
=516  \\$aPDF format.
=500  \\$aPublisher's no.: URN 05/777.
=610  20$aBlossoms.com (Firm)
=650  \0$aElectronic commerce.
=650  \0$aFlorists.
=710  1\$aGreat Britain.$bDepartment of Trade and Industry.
=856  4\$uhttp://www.dti.gov.uk/bestpractice/assets/csblossoms.pdf
=830  \0$aBest practice in technology
=852  41$aBritish Library$bHMNTS$j355031$cDRT
=985  \\$aRecord amended for WR# 13/070
=CAT  \\$a6524$b40$c20050425$lBLL01$h0928
=CAT  \\$a6524$b40$c20050425$lBLL01$h0929
=CAT  \\$a11281$b40$c20050601$lBLL01$h1057
=CAT  \\$aBATCH-UPD$b40$c20070723$lBLL01$h1550
=CAT  \\$aBATCH-UPD$b40$c20070912$lBLL01$h2022
=CAT  \\$aBATCH$b00$c20080505$lBLL01$h1320
=CAT  \\$aBATCH$b00$c20091217$lBLL01$h0349
=CAT  \\$aWR10_184$c20101208$lBLL01$h1635
=CAT  \\$aWR12-140$c20121030$lBLL01$h1048
=CAT  \\$aWR13_070$b00$c20130504$lBLL01$h0239
=CAT  \\$aWR13.144/5$c20140418$lBLL01$h0930
=FIN  \\$aY$d20050601
=DRT  \\$aVDEP
=STA  \\$aSUPPRESSED$bWR10_184
=LAS  \\$aWR13.144/5$b00$c20140418$lBLL01$h0930

