=LDR  02333 am a2200565 a 4500
=001  013183094
=003  Uk
=005  20050620113050.0
=006  m\\\\|\\\d\|\\\\\\
=007  cr||||||||||||
=008  050425s2003\\\\enk||||\s||||o00|\0\wel\\
=FMT  \\$a  BK
=015  \\$aGBA551907$2bnb
=020  \\$cNo price
=040  \\$aUk$beng$cUk
=042  \\$aukblsr
=082  04$a343.420811$222
=245  00$aDeddf masnachu ar y sul 1994 :$h[electronic resource]$bMasnachu ar ddydd nadolig : papur ymgynghori ar gynnig i reoleiddio agor siopau mawr (arwynebedd llawr mewnol o fwy na 280 metr sgwar neu 3,000 troedfedd sgwar) ar ddydd Nadolig.
=260  \\$a[London] :$bDTI,$c2003.
=336  \\$atext$2rdacontent
=337  \\$acomputer$2rdamedia
=338  \\$aonline resource$2rdacarrier
=538  \\$aMode of access: World Wide Web.
=538  \\$aSystem requirements: Adobe Acrobat Reader.
=500  \\$aTitle from PDF title page.
=516  \\$aPDF format.
=500  \\$aURN 03/825W.
=500  \\$aWelsh language version of URN 03/825. Closed consultation. A consultation on a proposal to prohibit large stores (as defined by the Sunday Trading Act 1994) from opening on Christmas Day. Consultation period ended 2 July 2003.
=610  10$aGreat Britain.$tSunday Trading Act 1994.
=650  \0$aHolidays$xLaw and legislation$zEngland.
=650  \0$aHolidays$xLaw and legislation$zWales.
=650  \0$aStore hours$xLaw and legislation$zEngland.
=650  \0$aStore hours$xLaw and legislation$zWales.
=710  1\$aGreat Britain.$bDepartment of Trade and Industry.
=856  40$uhttp://www.dti.gov.uk/ccp/consultpdf/xmasconw.pdf?pubpdfdload=03%2F825W
=852  41$aBritish Library$bHMNTS$j360983$cDRT
=985  \\$aRecord amended for WR# 13/070
=CAT  \\$a7750$b40$c20050425$lBLL01$h1024
=CAT  \\$a7750$b40$c20050425$lBLL01$h1026
=CAT  \\$a8141$b40$c20050620$lBLL01$h1130
=CAT  \\$aBATCH-UPD$b40$c20070912$lBLL01$h2022
=CAT  \\$aBATCH$b00$c20080505$lBLL01$h1320
=CAT  \\$aWR10_184$c20101208$lBLL01$h1635
=CAT  \\$aWR12-140$c20121030$lBLL01$h1048
=CAT  \\$aWR13_070$b00$c20130504$lBLL01$h0239
=CAT  \\$aWR13.144/5$c20140418$lBLL01$h0930
=FIN  \\$aY$d20050620
=DRT  \\$aVDEP
=STA  \\$aSUPPRESSED$bWR10_184
=LAS  \\$aWR13.144/5$b00$c20140418$lBLL01$h0930

