=LDR  01987 am a2200565 a 4500
=001  013183109
=003  Uk
=005  20050531143331.0
=006  m\\\\|\\\d\|\\\\\\
=007  cr||||||||||||
=008  050425s2005\\\\enk\\\\\s\\\\o000\0\eng\\
=FMT  \\$a  BK
=040  \\$aUk$beng$cUk
=042  \\$aukblsr
=082  04$a658.406$222
=245  00$aStannah Stairlifts Ltd.$h[electronic resource]
=260  \\$a[London] :$bDTI,$cc2005.
=336  \\$atext$2rdacontent
=337  \\$acomputer$2rdamedia
=338  \\$aonline resource$2rdacarrier
=490  0\$aBest practice in high performance workplace and new product development
=490  0\$aAchieving best practice in your business
=538  \\$aMode of access: World Wide Web.
=538  \\$aSystem requirements: Adobe Acrobat Reader.
=500  \\$aTitle from PDF title page.
=516  \\$aPDF format.
=500  \\$aPublisher's no.: URN 05/725.
=690  7\$aManagement and Business Studies$2blcoll
=610  20$aStannah Stairlifts (Firm)
=650  \0$aEmployee empowerment.
=650  \0$aOrganizational change.
=710  1\$aGreat Britain.$bDepartment of Trade and Industry.
=856  4\$uhttp://www.dti.gov.uk/bestpractice/assets/csstannah.pdf
=852  41$aBritish Library$bHMNTS$j467377$cDRT
=985  \\$aRecord amended for WR# 13/070
=CAT  \\$a10902$b40$c20050425$lBLL01$h1035
=CAT  \\$a10902$b40$c20050425$lBLL01$h1036
=CAT  \\$a11281$b40$c20050531$lBLL01$h1433
=CAT  \\$aBATCH-UPD$b40$c20070723$lBLL01$h1551
=CAT  \\$aBATCH-UPD$b40$c20070912$lBLL01$h2022
=CAT  \\$aBATCH$b00$c20080505$lBLL01$h1320
=CAT  \\$aBATCH$b00$c20090611$lBLL01$h1718
=CAT  \\$aWR10_184$c20101208$lBLL01$h1635
=CAT  \\$aWR12-140$c20121030$lBLL01$h1048
=CAT  \\$aWR13_070$b00$c20130504$lBLL01$h0239
=CAT  \\$aWR13.144/5$c20140418$lBLL01$h0930
=FIN  \\$aY$d20050531
=DRT  \\$aVDEP
=STA  \\$aSUPPRESSED$bWR10_184
=LAS  \\$aWR13.144/5$b00$c20140418$lBLL01$h0930

