=LDR  02068 am a2200577 a 4500
=001  013183117
=003  Uk
=005  20070906140322.0
=006  m\\\\|\\\d\|\\\\\\
=007  cr||||||||||||
=008  050425s2005\\\\enk\\\\\s\\\\o000\0\eng\\
=FMT  \\$a  BK
=040  \\$aUk$beng$cUk
=042  \\$aukblsr
=082  04$a338.766330942274$222
=245  00$aCoors brewery Alton Limited$h[electronic resource].
=260  \\$a[London] :$bDept. of Trade and Industry,$c[2005]
=336  \\$atext$2rdacontent
=337  \\$acomputer$2rdamedia
=338  \\$aonline resource$2rdacarrier
=490  1\$aBest practice in EFQM model
=490  0\$aAchieving best practice in your business
=538  \\$aMode of access: World Wide Web.
=538  \\$aSystem requirements: Adobe Acrobat Reader.
=500  \\$aTitle from p.1 of PDF file (viewed on 1 June, 2005).
=516  \\$aPDF format.
=500  \\$aURN 05/638.
=610  20$aCoors Brewing Company.
=650  \0$aBreweries$zEngland$zAlton (Hampshire)
=650  \0$aBrewing industry$zGreat Britain.
=650  \0$aTotal quality control.
=650  \0$aTotal quality management.
=710  1\$aGreat Britain.$bDepartment of Trade and Industry.
=856  \\$uhttp://www.dti.gov.uk/bestpractice/assets/cscoorsbrewery.pdf
=830  \0$aBest practice in EFQM model
=852  41$aBritish Library$bHMNTS$j355036$cDRT
=985  \\$aRecord amended for WR# 13/070
=CAT  \\$a6524$b40$c20050425$lBLL01$h1039
=CAT  \\$a6524$b40$c20050425$lBLL01$h1040
=CAT  \\$a7332$b40$c20050601$lBLL01$h1547
=CAT  \\$aBATCH-UPD$b40$c20070723$lBLL01$h1551
=CAT  \\$a11279$b40$c20070906$lBLL01$h1403
=CAT  \\$aBATCH$b00$c20080505$lBLL01$h1320
=CAT  \\$aBATCH$b00$c20091217$lBLL01$h0349
=CAT  \\$aWR13_070$b00$c20130504$lBLL01$h0239
=CAT  \\$aWR13.144/5$c20140418$lBLL01$h0930
=CAT  \\$aW1711-1225$c20171203$lBLL01$h1021
=FIN  \\$aY$d20050601
=DRT  \\$aVDEP
=STA  \\$aSUPPRESSED$bunable to determine reason for suppression
=LAS  \\$aW1711-1225$b00$c20171203$lBLL01$h1021

