=LDR  02112 am a2200589 a 4500
=001  013183124
=003  Uk
=005  20050616145214.0
=006  m\\\\|\\\d\|\\\\\\
=007  cr||||||||||||
=008  050425s2005\\\\enk\\\\\s\\\\o000\0\eng\\
=FMT  \\$a  BK
=040  \\$aUk$beng$cUk
=042  \\$aukblsr
=082  04$a363.192620941$222
=245  00$aDalepak Foods.$h[electronic resource]
=260  \\$a[London] :$bDept. of Trade and Industry,$c[2005].
=336  \\$atext$2rdacontent
=337  \\$acomputer$2rdamedia
=338  \\$aonline resource$2rdacarrier
=490  1\$aBest practice in BRC technical standard
=490  0\$aAchieving best practice in your business
=538  \\$aMode of access: World Wide Web.
=538  \\$aSystem requirements: Adobe Acrobat Reader.
=500  \\$aTitle from p.1 of PDF file (viewed on 1 June, 2005)
=516  \\$aPDF format.
=500  \\$aURN 05/639.
=610  20$aDalepak Foods (Firm)
=650  \0$aFood industry and trade$xStandards$zGreat Britain.
=710  1\$aGreat Britain.$bDepartment of Trade and Industry.
=856  40$uhttp://www.dti.gov.uk/bestpractice/assets/csdalepak.pdf
=830  \0$aBest practice in BRC technical standard
=852  41$aBritish Library$bHMNTS$j355037$cDRT
=985  \\$aRecord amended for WR# 13/070
=CAT  \\$a6524$b40$c20050425$lBLL01$h1043
=CAT  \\$a6524$b40$c20050425$lBLL01$h1044
=CAT  \\$a7332$b40$c20050601$lBLL01$h1618
=CAT  \\$a7332$b40$c20050601$lBLL01$h1648
=CAT  \\$a7332$b40$c20050609$lBLL01$h1616
=CAT  \\$a11278$b40$c20050616$lBLL01$h1452
=CAT  \\$aBATCH-UPD$b40$c20070723$lBLL01$h1551
=CAT  \\$aBATCH-UPD$b40$c20070912$lBLL01$h2022
=CAT  \\$aBATCH$b00$c20080505$lBLL01$h1320
=CAT  \\$aBATCH$b00$c20091217$lBLL01$h0349
=CAT  \\$aWR10_184$c20101208$lBLL01$h1635
=CAT  \\$aWR12-140$c20121030$lBLL01$h1048
=CAT  \\$aWR13_070$b00$c20130504$lBLL01$h0239
=CAT  \\$aWR13.144/5$c20140418$lBLL01$h0930
=FIN  \\$aY$d20050601
=DRT  \\$aVDEP
=STA  \\$aSUPPRESSED$bWR10_184
=LAS  \\$aWR13.144/5$b00$c20140418$lBLL01$h0930

