=LDR  01824 am a2200517 a 4500
=001  013183166
=003  Uk
=005  20050427105755.0
=006  m\\\\|\\\d\|\\\\\\
=007  cr||n|||||||||
=008  050425s2004\\\\enk\\\\\s\\\\o000\0\eng\\
=FMT  \\$a  BK
=015  \\$aGBA537141$2bnb
=020  \\$cNo price
=040  \\$aUk$beng$cUk
=042  \\$aukblsr
=082  04$a333.7932$222
=245  00$aDesignation of the BETTA run-off arrangements scheme$h[electronic resource]
=260  \\$a[London :$bDTI],$c2004.
=336  \\$atext$2rdacontent
=337  \\$acomputer$2rdamedia
=338  \\$aonline resource$2rdacarrier
=538  \\$aMode of access: World Wide Web.
=538  \\$aSystem requirements: IBM compatible PC; Windows; Adobe Acrobat Reader.
=500  \\$aTitle from PDF title screen.
=516  \\$aPDF format.
=500  \\$aPublisher's no.: URN 04/2029.
=650  \0$aElectric power distribution$zGreat Britain.
=650  \0$aElectric power$zGreat Britain.
=710  1\$aGreat Britain.$bDepartment of Trade and Industry.
=856  4\$uhttp://www.dti.gov.uk/energy/domestic_markets/electricity_trading/run_off_framework.pdf
=852  41$aBritish Library$bHMNTS$j467378$cDRT
=985  \\$aRecord amended for WR# 13/070
=CAT  \\$a10902$b40$c20050425$lBLL01$h1109
=CAT  \\$a11281$b40$c20050427$lBLL01$h1057
=CAT  \\$aBATCH-UPD$b40$c20070723$lBLL01$h1551
=CAT  \\$aBATCH-UPD$b40$c20070912$lBLL01$h2022
=CAT  \\$aBATCH$b00$c20080505$lBLL01$h1320
=CAT  \\$aWR10_184$c20101208$lBLL01$h1635
=CAT  \\$aWR12-140$c20121030$lBLL01$h1048
=CAT  \\$aWR13_070$b00$c20130504$lBLL01$h0239
=CAT  \\$aWR13.144/5$c20140418$lBLL01$h0930
=FIN  \\$aY$d20050427
=DRT  \\$aVDEP
=STA  \\$aSUPPRESSED$bWR10_184
=LAS  \\$aWR13.144/5$b00$c20140418$lBLL01$h0930

