=LDR  01770 am a2200481 a 4500
=001  013183176
=003  Uk
=005  20050511143855.0
=006  m\\\\|\\\d\|\\\\\\
=007  cr||||||||||||
=008  050425s2002\\\\enk||||\s||||o00|\0\eng\\
=FMT  \\$a  BK
=040  \\$aUk$beng$cUk
=042  \\$aukblsr
=082  04$a346.42072$222
=245  00$aDirective 1999/44/EC on certain aspects of the sale of consumer goods and associated guarantees$h[electronic resource] :$bsummary of responses to the consultation of 2002.
=260  \\$a[London :$bDTI, Consumer Affairs and Competition Policy Directorate],$c2002.
=336  \\$atext$2rdacontent
=337  \\$acomputer$2rdamedia
=338  \\$aonline resource$2rdacarrier
=500  \\$aMode of access: World Wide Web.
=516  \\$aSystem requirements: IBM compatible PC; Windows.
=520  \\$aTitle from p.1 of HTML file.
=530  \\$aHTML format.
=538  \\$a[URN 02/1425]
=650  \0$aSales$zEngland.
=650  \0$aSales$zWales.
=710  1\$aGreat Britain.$bConsumer Affairs & Competition Policy Directorate
=856  40$uhttp://www.dti.gov.uk/ccp/consultpdf/2nd_consult_summary.doc
=852  41$aBritish Library$bHMNTS$j467379$cDRT
=CAT  \\$a10902$b40$c20050425$lBLL01$h1120
=CAT  \\$a10902$b40$c20050425$lBLL01$h1122
=CAT  \\$a8141$b40$c20050511$lBLL01$h1216
=CAT  \\$a8141$b40$c20050511$lBLL01$h1438
=CAT  \\$aBATCH-UPD$b40$c20070912$lBLL01$h2022
=CAT  \\$aBATCH$b00$c20080505$lBLL01$h1320
=CAT  \\$aWR10_184$c20101208$lBLL01$h1635
=CAT  \\$aWR12-140$c20121030$lBLL01$h1048
=CAT  \\$aWR13.144/5$c20140418$lBLL01$h0930
=FIN  \\$aY$d20050511
=DRT  \\$aVDEP
=STA  \\$aSUPPRESSED$bWR10_184
=LAS  \\$aWR13.144/5$b00$c20140418$lBLL01$h0930

