=LDR  02035 am a2200577 a 4500
=001  013183193
=003  Uk
=005  20050511121758.0
=006  m\\\\|\\\d\|\\\\\\
=007  cr||n\|||a||||
=008  050425s2005\\\\enk||||\s||||o00|\0\eng\\
=FMT  \\$a  BK
=015  \\$aGBA540979$2bnb
=020  \\$cNo price
=040  \\$aUk$beng$cUk
=042  \\$aukblsr
=082  04$a658.054678$222
=245  00$aE-business best practice$h[electronic resource].
=260  \\$aLondon :$bDepartment of Trade and Industry,$c2005.
=336  \\$atext$2rdacontent
=337  \\$acomputer$2rdamedia
=338  \\$aonline resource$2rdacarrier
=490  1\$aFactsheet / DTI
=538  \\$aMode of access: World Wide Web.
=538  \\$aSystem requirements: IBM compatible PC; Windows; Adobe Acrobat Reader.
=500  \\$aTitle from p.1 of PDF document.
=516  \\$aPDF format.
=500  \\$aURN 05/778.
=690  7\$aManagement and Business Studies$2blcoll
=650  \0$aBusiness enterprises$xComputer networks.
=650  \0$aBusiness$xData processing.
=650  \0$aElectronic commerce$vCase studies.
=710  1\$aGreat Britain.$bDepartment of Trade and Industry.
=856  40$uhttp://www.dti.gov.uk/bestpractice/assets/e-business-bp.pdf
=830  \0$aFactsheet (Great Britain. Department of Trade and Industry).
=852  41$aBritish Library$bHMNTS$j467380$cDRT
=985  \\$aRecord amended for WR# 13/070
=CAT  \\$a10902$b40$c20050425$lBLL01$h1133
=CAT  \\$a8141$b40$c20050511$lBLL01$h1045
=CAT  \\$a8141$b40$c20050511$lBLL01$h1217
=CAT  \\$aBATCH-UPD$b40$c20070912$lBLL01$h2022
=CAT  \\$aBATCH$b00$c20080505$lBLL01$h1320
=CAT  \\$aBATCH$b00$c20090611$lBLL01$h1718
=CAT  \\$aWR10_184$c20101208$lBLL01$h1635
=CAT  \\$aWR12-140$c20121030$lBLL01$h1048
=CAT  \\$aWR13_070$b00$c20130504$lBLL01$h0239
=CAT  \\$aWR13.144/5$c20140418$lBLL01$h0930
=FIN  \\$aY$d20050511
=DRT  \\$aVDEP
=STA  \\$aSUPPRESSED$bWR10_184
=LAS  \\$aWR13.144/5$b00$c20140418$lBLL01$h0930

