=LDR  01981 am a2200553 a 4500
=001  013183195
=003  Uk
=005  20120105115031.0
=006  m\\\\|\\\d\|\\\\\\
=007  cr||||||||||||
=008  050425s2005\\\\enk\\\\\s\\\\o000\0\eng\\
=FMT  \\$a  BK
=040  \\$aUk$beng$cUk
=042  \\$aukblsr
=082  04$a658.3121$222
=245  00$aBlackburn with Darwen Borough Council$h[electronic resource].
=260  \\$a[London] :$bDTI,$cc2005.
=336  \\$atext$2rdacontent
=337  \\$acomputer$2rdamedia
=338  \\$aonline resource$2rdacarrier
=490  1\$aBest practice in flexible working
=490  0\$aAchieving best practice in your business
=538  \\$aMode of access: World Wide Web.
=538  \\$aSystem requirements: Adobe Acrobat Reader.
=500  \\$aTitle from PDF title page.
=516  \\$aPDF format.
=500  \\$aPublisher's no.: URN 05/728.
=610  10$aBlackburn (England).$bBorough Council.
=650  \0$aFlextime.
=710  1\$aGreat Britain.$bDepartment of Trade and Industry.
=856  4\$uhttp://www.dti.gov.uk/bestpractice/assets/csblackburn-darwin.pdf?pubpdfdload=05%2F728
=830  \0$aBest practice in flexible working
=852  41$aBritish Library$bHMNTS$j360922$cDRT
=985  \\$aRecord amended for WR# 13/070
=CAT  \\$a7750$b40$c20050425$lBLL01$h1133
=CAT  \\$a7750$b40$c20050425$lBLL01$h1134
=CAT  \\$a11281$b40$c20050613$lBLL01$h1535
=CAT  \\$aBATCH-UPD$b40$c20070723$lBLL01$h1551
=CAT  \\$a11279$b40$c20070906$lBLL01$h1308
=CAT  \\$aBATCH$b00$c20080505$lBLL01$h1320
=CAT  \\$aBATCH$b00$c20091217$lBLL01$h0349
=CAT  \\$a9572$b40$c20120105$lBLL01$h1150
=CAT  \\$aWR13_070$b00$c20130504$lBLL01$h0239
=CAT  \\$aWR13.144/5$c20140418$lBLL01$h0930
=CAT  \\$aW1711-1225$c20171203$lBLL01$h1021
=FIN  \\$aY$d20050613
=DRT  \\$aVDEP
=STA  \\$aSUPPRESSED$bunable to determine reason for suppression
=LAS  \\$aW1711-1225$b00$c20171203$lBLL01$h1021

