=LDR  02231 am a2200625 a 4500
=001  013183233
=003  Uk
=005  20120105131620.0
=006  m\\\\|\\\d\|\\\\\\
=007  cr||||||||||||
=008  050425s2005\\\\enk\\\\\s\\\\o000\0\eng\\
=FMT  \\$a  BK
=040  \\$aUk$beng$cUk
=042  \\$aukblsr
=082  04$a331.256$222
=245  00$aBAE Avionics.$h[electronic resource]
=260  \\$a[London] :$bDept. of Trade and Industry,$c[2005].
=336  \\$atext$2rdacontent
=337  \\$acomputer$2rdamedia
=338  \\$aonline resource$2rdacarrier
=490  0\$aBest practice in flexible working
=490  0\$aAchieving best practice in your business
=538  \\$aMode of access: World Wide Web.
=538  \\$aSystem requirements: Adobe Acrobat Reader.
=500  \\$aTitle from p.1 of PDF file (viewed on 3 June, 2005)
=516  \\$aPDF format.
=500  \\$aURN No 05/735.
=690  7\$aManagement and Business Studies$2blcoll
=610  20$aBAE Avionics (Firm)
=650  \0$aFlextime$vCase studies.
=650  \0$aPersonnel management$vCase studies.
=650  \0$aQuality of work life$vCase studies.
=710  1\$aGreat Britain.$bDepartment of Trade and Industry.
=856  40$uhttp://www.dti.gov.uk/bestpractice/assets/csbae-avionics.pdf
=852  41$aBritish Library$bHMNTS$j360910$cDRT
=985  \\$aRecord amended for WR# 13/070
=CAT  \\$a7750$b40$c20050425$lBLL01$h1152
=CAT  \\$a7750$b40$c20050425$lBLL01$h1153
=CAT  \\$a7332$b40$c20050603$lBLL01$h1336
=CAT  \\$a7332$b40$c20050603$lBLL01$h1350
=CAT  \\$a7332$b40$c20050609$lBLL01$h1618
=CAT  \\$a11278$b40$c20050620$lBLL01$h1412
=CAT  \\$aBATCH-UPD$b40$c20070723$lBLL01$h1551
=CAT  \\$aBATCH-UPD$b40$c20070912$lBLL01$h2022
=CAT  \\$aBATCH$b00$c20080505$lBLL01$h1320
=CAT  \\$aBATCH$b00$c20090611$lBLL01$h1718
=CAT  \\$aWR10_184$c20101208$lBLL01$h1635
=CAT  \\$a9572$b40$c20120105$lBLL01$h1316
=CAT  \\$aWR12-140$c20121030$lBLL01$h1048
=CAT  \\$aWR13_070$b00$c20130504$lBLL01$h0239
=CAT  \\$aWR13.144/5$c20140418$lBLL01$h0930
=FIN  \\$aY$d20050603
=DRT  \\$aVDEP
=STA  \\$aSUPPRESSED$bWR10_184
=LAS  \\$aWR13.144/5$b00$c20140418$lBLL01$h0930

