=LDR  02106 am a2200541 a 4500
=001  013183240
=003  Uk
=005  20050511143746.0
=006  m\\\\|\\\d\|\\\\\\
=007  cr||||||||||||
=008  050425s2004\\\\enk||||\s||||o00|\0\eng\\
=FMT  \\$a  BK
=015  \\$aGBA541041$2bnb
=040  \\$aUk$beng$cUk
=042  \\$aukblsr
=082  04$a381.340941$222
=245  00$aModern markets, confident consumers$h[electronic resource] :$breport on the implementation plan of the 1999 consumer white paper /$cproduced by the DTI's Consumer & Competition Policy Directorate.
=260  \\$a[London] :$bDTI, Consumer & Competition Policy Directorate,$c2004.
=336  \\$atext$2rdacontent
=337  \\$acomputer$2rdamedia
=338  \\$aonline resource$2rdacarrier
=538  \\$aMode of access: World Wide Web.
=538  \\$aSystem requirements: IBM compatible PC; Windows; Adobe Acrobat Reader.
=500  \\$aTitle from PDF title page.
=516  \\$aPDF format.
=500  \\$aURN 04/1330
=650  \0$aConsumer confidence$zGreat Britain.
=650  \0$aConsumer protection$xGovernment policy$zGreat Britain.
=650  \0$aCompetition$xGovernment policy$zGreat Britain.
=690  7\$aManagement and Business Studies$2blcoll
=710  1\$aGreat Britain.$bConsumer and Competition Policy Directorate.
=856  40$uhttp://www.dti.gov.uk/ccp/topics1/pdf1/cswhitepaptab.pdf
=852  41$aBritish Library$bHMNTS$j467382$cDRT
=CAT  \\$a10902$b40$c20050425$lBLL01$h1155
=CAT  \\$a10902$b40$c20050425$lBLL01$h1200
=CAT  \\$a8141$b40$c20050511$lBLL01$h1431
=CAT  \\$a8141$b40$c20050511$lBLL01$h1437
=CAT  \\$aBATCH-UPD$b40$c20070912$lBLL01$h2022
=CAT  \\$aBATCH$b00$c20080505$lBLL01$h1320
=CAT  \\$aBATCH$b00$c20090611$lBLL01$h1718
=CAT  \\$aWR10_184$c20101208$lBLL01$h1635
=CAT  \\$aWR12-140$c20121030$lBLL01$h1048
=CAT  \\$aWR13.144/5$c20140418$lBLL01$h0930
=CAT  \\$aBATCH-UPD$b00$c20170719$lBLL01$h1601
=FIN  \\$aY$d20050511
=DRT  \\$aVDEP
=STA  \\$aSUPPRESSED$bWR10_184
=LAS  \\$aBATCH-UPD$b00$c20170719$lBLL01$h1601

