=LDR  02163 am a2200589 a 4500
=001  013183260
=003  Uk
=005  20050511121856.0
=006  m\\\\|\\\d\|\\\\\\
=007  cr||n\|||a||||
=008  050425s2005\\\\enk||||\s||||o00|\0\eng\\
=FMT  \\$a  BK
=015  \\$aGBA539544$2bnb
=020  \\$cNo price
=040  \\$aUk$beng$cUk
=042  \\$aukblsr
=082  04$a331.230941$222
=245  00$aNational minimum wage RIA$h[electronic resource] :$bincreasing adult and youth rates in October 2005 and 2006.
=260  \\$a[London] :$bDepartment of Trade and Industry,$c2005.
=336  \\$atext$2rdacontent
=337  \\$acomputer$2rdamedia
=338  \\$aonline resource$2rdacarrier
=538  \\$aMode of access: World Wide Web.
=538  \\$aSystem requirements: IBM compatible PC; Windows; Adobe Acrobat Reader.
=500  \\$aTitle from p.1 of PDF document.
=516  \\$aPDF format.
=500  \\$aURN 05/1004.
=690  7\$aManagement and Business Studies$2blcoll
=690  7\$aSocial Welfare$2blcoll
=650  \0$aMinimum wage$xGovernment policy$zGreat Britain.
=650  \0$aMinimum wage$zGreat Britain.
=710  1\$aGreat Britain.$bDepartment of Trade and Industry.$bEmployment Relations Directorate.
=856  40$uhttp://www.dti.gov.uk/er/emar/ria_march05_uprate.pdf
=852  41$aBritish Library$bHMNTS$j467384$cDRT
=985  \\$aRecord amended for WR# 13/070
=CAT  \\$a10902$b40$c20050425$lBLL01$h1206
=CAT  \\$a8141$b40$c20050510$lBLL01$h1255
=CAT  \\$a8141$b40$c20050510$lBLL01$h1256
=CAT  \\$a8141$b40$c20050511$lBLL01$h1218
=CAT  \\$aBATCH-UPD$b40$c20070912$lBLL01$h2022
=CAT  \\$aBATCH$b00$c20080505$lBLL01$h1320
=CAT  \\$aBATCH$b00$c20090611$lBLL01$h1718
=CAT  \\$aWR10_184$c20101208$lBLL01$h1635
=CAT  \\$aBATCH$b00$c20110625$lBLL01$h0513
=CAT  \\$aBATCH-SWP4$c20110627$lBLL01$h1555
=CAT  \\$aWR12-140$c20121030$lBLL01$h1048
=CAT  \\$aWR13_070$b00$c20130504$lBLL01$h0239
=CAT  \\$aWR13.144/5$c20140418$lBLL01$h0930
=FIN  \\$aY$d20050510
=DRT  \\$aVDEP
=STA  \\$aSUPPRESSED$bWR10_184
=LAS  \\$aWR13.144/5$b00$c20140418$lBLL01$h0930

