=LDR  02032 am a2200565 a 4500
=001  013183320
=003  Uk
=005  20050512142654.0
=006  m\\\\|\\\d\|\\\\\\
=007  cr||||||||||||
=008  050425s2003\\\\enk||||\s||||o00|\0\eng\\
=FMT  \\$a  BK
=015  \\$aGBA541132$2bnb
=020  \\$cNo price
=040  \\$aUk$beng$cUk
=042  \\$aukblsr
=082  04$a352.830941$222
=245  00$aNational performance framework for Trading Standards$h[electronic resource] :$bConsultation on performance measures for Trading Standards 2004/2005.
=260  \\$a[London] :$bDTI,$c2003.
=336  \\$atext$2rdacontent
=337  \\$acomputer$2rdamedia
=338  \\$aonline resource$2rdacarrier
=538  \\$aMode of access: World Wide Web.
=538  \\$aSystem requirements: IBM compatible PC; Windows; Adobe Acrobat Reader.
=500  \\$aTitle from p.1 of PDF file.
=516  \\$aPDF format.
=500  \\$a[URN: 03/1338]
=500  \\$aNo.: CCP 011/03
=690  7\$aManagement and Business Studies$2blcoll
=650  \0$aConsumer protection$xStandards$zGreat Britain.
=650  \0$aTrade regulation$zGreat Britain.
=710  1\$aGreat Britain.$bDepartment of Trade and Industry.
=856  40$uhttp://www.dti.gov.uk/ccp/consultpdf/performcon.pdf
=852  41$aBritish Library$bHMNTS$j467385$cDRT
=985  \\$aRecord amended for WR# 13/070
=CAT  \\$a10902$b40$c20050425$lBLL01$h1317
=CAT  \\$a10902$b40$c20050425$lBLL01$h1318
=CAT  \\$a8141$b40$c20050512$lBLL01$h1303
=CAT  \\$a8141$b40$c20050512$lBLL01$h1426
=CAT  \\$aBATCH-UPD$b40$c20070912$lBLL01$h2022
=CAT  \\$aBATCH$b00$c20080505$lBLL01$h1320
=CAT  \\$aBATCH$b00$c20090611$lBLL01$h1718
=CAT  \\$aWR10_184$c20101208$lBLL01$h1635
=CAT  \\$aWR12-140$c20121030$lBLL01$h1048
=CAT  \\$aWR13_070$b00$c20130504$lBLL01$h0239
=CAT  \\$aWR13.144/5$c20140418$lBLL01$h0930
=FIN  \\$aY$d20050512
=DRT  \\$aVDEP
=STA  \\$aSUPPRESSED$bWR10_184
=LAS  \\$aWR13.144/5$b00$c20140418$lBLL01$h0930

