=LDR  01991 am a2200565 a 4500
=001  013183370
=003  Uk
=005  20050510122740.0
=006  m\\\\|\\\d\|\\\\\\
=007  cr||n\|||a||||
=008  050425s2005\\\\enk||||\s||||o00|\0\eng\\
=FMT  \\$a  BK
=015  \\$aGBA539541$2bnb
=020  \\$cNo price
=040  \\$aUk$beng$cUk
=042  \\$aukblsr
=082  04$a658.4013$222
=245  00$aQuality management$h[electronic resource] :$bbenchmarking.
=260  \\$a[London] :$bDepartment of Trade and Industry,$c[2005?].
=336  \\$atext$2rdacontent
=337  \\$acomputer$2rdamedia
=338  \\$aonline resource$2rdacarrier
=490  1\$aFactsheet / DTI
=538  \\$aMode of access: World Wide Web.
=538  \\$aSystem requirements: IBM compatible PC; Windows; Adobe Acrobat Reader.
=500  \\$aTitle from p.1 of PDF document.
=516  \\$aPDF format.
=500  \\$aURN 04/2018.
=690  7\$aManagement and Business Studies$2blcoll
=650  \0$aBenchmarking (Management)
=710  1\$aGreat Britain.$bDepartment of Trade and Industry.
=856  40$uhttp://www.dti.gov.uk/bestpractice/assets/qm-benchmarking.pdf
=830  \0$aFactsheet (Great Britain. Department of Trade and Industry).
=852  41$aBritish Library$bHMNTS$j467388$cDRT
=985  \\$aRecord amended for WR# 13/070
=CAT  \\$a10902$b40$c20050425$lBLL01$h1356
=CAT  \\$a10902$b40$c20050425$lBLL01$h1357
=CAT  \\$a8141$b40$c20050510$lBLL01$h1223
=CAT  \\$a8141$b40$c20050510$lBLL01$h1227
=CAT  \\$aBATCH-UPD$b40$c20070912$lBLL01$h2022
=CAT  \\$aBATCH$b00$c20080505$lBLL01$h1320
=CAT  \\$aBATCH$b00$c20090611$lBLL01$h1718
=CAT  \\$aWR10_184$c20101208$lBLL01$h1635
=CAT  \\$aWR12-140$c20121030$lBLL01$h1048
=CAT  \\$aWR13_070$b00$c20130504$lBLL01$h0239
=CAT  \\$aWR13.144/5$c20140418$lBLL01$h0930
=FIN  \\$aY$d20050510
=DRT  \\$aVDEP
=STA  \\$aSUPPRESSED$bWR10_184
=LAS  \\$aWR13.144/5$b00$c20140418$lBLL01$h0930

