=LDR  01756 am a2200505 a 4500
=001  013183458
=003  Uk
=005  20050427135430.0
=006  m\\\\|\\\d\|\\\\\\
=007  cr||n|||||||||
=008  050425s2003\\\\enk\\\\\s\\\\o000\0\eng\\
=FMT  \\$a  BK
=015  \\$aGBA537201$2bnb
=020  \\$cNo price
=040  \\$aUk$beng$cUk
=042  \\$aukblsr
=082  04$a332.70941$222
=245  00$aTask force on tackling overindebtedness$h[electronic resource] :$bsecond report.
=260  \\$a[London :$bDTI,$c2003].
=336  \\$atext$2rdacontent
=337  \\$acomputer$2rdamedia
=338  \\$aonline resource$2rdacarrier
=538  \\$aMode of access: World Wide Web.
=538  \\$aSystem requirements: IBM compatible PC; Windows; Adobe Acrobat Reader.
=500  \\$aTitle from PDF title screen.
=516  \\$aPDF format.
=500  \\$aPublisher's no.: URN 03/742.
=650  \0$aConsumer credit$zGreat Britain.
=650  \0$aDebt$zGreat Britain.
=710  1\$aGreat Britain.$bDepartment of Trade and Industry.
=856  4\$uhttp://www.dti.gov.uk/ccp/topics1/pdf1/2ndreport.pdf
=852  41$aBritish Library$bHMNTS$j467391$cDRT
=985  \\$aRecord amended for WR# 13/070
=CAT  \\$a10902$b40$c20050425$lBLL01$h1442
=CAT  \\$a10902$b40$c20050425$lBLL01$h1443
=CAT  \\$a11281$b40$c20050427$lBLL01$h1354
=CAT  \\$aBATCH-UPD$b40$c20070723$lBLL01$h1552
=CAT  \\$aBATCH$b00$c20080505$lBLL01$h1320
=CAT  \\$aWR13_070$b00$c20130504$lBLL01$h0239
=CAT  \\$aWR13.144/5$c20140418$lBLL01$h0930
=CAT  \\$aW1711-1225$c20171203$lBLL01$h1021
=FIN  \\$aY$d20050427
=DRT  \\$aVDEP
=STA  \\$aSUPPRESSED$bunable to determine reason for suppression
=LAS  \\$aW1711-1225$b00$c20171203$lBLL01$h1021

