=LDR  01978 am a2200565 a 4500
=001  013183567
=003  Uk
=005  20050429142019.0
=006  m\\\\|\\\d\|\\\\\\
=007  cr||n|||||||||
=008  050425s2002\\\\enk\\\\\s\\\\o000\0\eng\\
=FMT  \\$a  BK
=015  \\$aGBA537467$2bnb
=020  \\$cNo price
=040  \\$aUk$beng$cUk
=042  \\$aukblsr
=082  04$a332.70973$222
=245  04$aThe US consumer credit market$h[electronic resource] :$btrends and perspectives.
=260  \\$a[London] :$bDTI,$c2002.
=336  \\$atext$2rdacontent
=337  \\$acomputer$2rdamedia
=338  \\$aonline resource$2rdacarrier
=538  \\$aMode of access: World Wide Web.
=538  \\$aSystem requirements: IBM compatible PC; Windows; Adobe Acrobat Reader.
=500  \\$aTitle from PDF title screen.
=516  \\$aPDF format.
=500  \\$aPublisher's no.: URN 02/1249.
=690  7\$aManagement and Business Studies$2blcoll
=650  \0$aConsumer credit$zUnited States.
=710  1\$aGreat Britain.$bDepartment of Trade and Industry.
=710  2\$aEdgar, Dunn & Company.
=856  4\$uhttp://www.dti.gov.uk/ccp/topics1/pdf1/ccusreport.pdf
=852  41$aBritish Library$bHMNTS$j467392$cDRT
=985  \\$aRecord amended for WR# 13/070
=CAT  \\$a10902$b40$c20050425$lBLL01$h1550
=CAT  \\$a10902$b40$c20050425$lBLL01$h1551
=CAT  \\$a11281$b40$c20050429$lBLL01$h0914
=CAT  \\$a5194$b40$c20050429$lBLL01$h1420
=CAT  \\$aBATCH-UPD$b40$c20070723$lBLL01$h1552
=CAT  \\$aBATCH-UPD$b40$c20070912$lBLL01$h2022
=CAT  \\$aBATCH$b00$c20080505$lBLL01$h1320
=CAT  \\$aBATCH$b00$c20090611$lBLL01$h1718
=CAT  \\$aWR10_184$c20101208$lBLL01$h1635
=CAT  \\$aWR12-140$c20121030$lBLL01$h1048
=CAT  \\$aWR13_070$b00$c20130504$lBLL01$h0239
=CAT  \\$aWR13.144/5$c20140418$lBLL01$h0930
=FIN  \\$aY$d20050429
=DRT  \\$aVDEP
=STA  \\$aSUPPRESSED$bWR10_184
=LAS  \\$aWR13.144/5$b00$c20140418$lBLL01$h0930

