=LDR  02109 am a2200601 a 4500
=001  013186346
=003  Uk
=005  20050707092956.0
=006  m\\\\|\\\d\|\\\\\\
=007  cr||||||||||||
=008  050427s2005\\\\enk\\\\\s\\\\o000\0\eng\\
=FMT  \\$a  BK
=040  \\$aUk$beng$cUk
=042  \\$aukblsr
=082  04$a642.4$222
=245  00$aBeetroot Blue.$h[electronic resource]
=260  \\$a[London] :$bDept. of Trade and Industry,$c[2005].
=336  \\$atext$2rdacontent
=337  \\$acomputer$2rdamedia
=338  \\$aonline resource$2rdacarrier
=490  1\$aBest practice in start-up
=490  0\$aAchieving best practice in your business
=538  \\$aMode of access: World Wide Web.
=538  \\$aSystem requirements: Adobe Acrobat Reader.
=500  \\$aTitle from p.1 of PDF file (viewed on 31 May, 2005)
=516  \\$aPDF format.
=500  \\$aURN 05/765.
=610  20$aBeetroot Blue (Firm)
=650  \0$aElectronic commerce.
=650  \0$aFood service$zGreat Britain$vCase studies.
=710  1\$aGreat Britain.$bDepartment of Trade and Industry.
=856  \\$uhttp://www.ecommerce-awards.co.uk/_files/csbeetrootblue.pdf
=830  \0$aBest practice in start-up
=852  41$aBritish Library$bHMNTS$j360895$cDRT
=985  \\$aRecord amended for WR# 13/070
=CAT  \\$a7750$b40$c20050427$lBLL01$h0818
=CAT  \\$a7332$b40$c20050531$lBLL01$h1606
=CAT  \\$a7332$b40$c20050601$lBLL01$h1327
=CAT  \\$a7332$b40$c20050609$lBLL01$h1542
=CAT  \\$a7332$b40$c20050609$lBLL01$h1615
=CAT  \\$a11278$b40$c20050707$lBLL01$h0929
=CAT  \\$aBATCH-UPD$b40$c20070723$lBLL01$h1552
=CAT  \\$aBATCH-UPD$b40$c20070912$lBLL01$h2022
=CAT  \\$aBATCH$b00$c20080505$lBLL01$h1320
=CAT  \\$aBATCH$b00$c20091217$lBLL01$h0350
=CAT  \\$aWR10_184$c20101208$lBLL01$h1635
=CAT  \\$aWR12-140$c20121030$lBLL01$h1048
=CAT  \\$aWR13_070$b00$c20130504$lBLL01$h0239
=CAT  \\$aWR13.144/5$c20140418$lBLL01$h0930
=FIN  \\$aY$d20050531
=DRT  \\$aVDEP
=STA  \\$aSUPPRESSED$bWR10_184
=LAS  \\$aWR13.144/5$b00$c20140418$lBLL01$h0930

