=LDR  02176 am a2200613 a 4500
=001  013186351
=003  Uk
=005  20051028093731.0
=006  m\\\\|\\\d\|\\\\\\
=007  cr||||||||||||
=008  050427s2005\\\\enk\\\\\s\\\\o000\0\eng\\
=FMT  \\$a  BK
=040  \\$aUk$beng$cUk
=042  \\$aukblsr
=082  04$a625.1$222
=245  00$aBellwether Enterprises Ltd.$h[electronic resource]
=260  \\$a[London] :$bDTI,$cc2005.
=336  \\$atext$2rdacontent
=337  \\$acomputer$2rdamedia
=338  \\$aonline resource$2rdacarrier
=490  1\$aBest practice in teleworking
=490  0\$aAchieving best practice in your business
=538  \\$aMode of access: World Wide Web.
=538  \\$aSystem requirements: IBM compatible PC; Windows; Adobe Acrobat Reader.
=500  \\$aTitle from PDF title page (viewed on 27 May, 2005)
=516  \\$aPDF format.
=500  \\$aURN No. 05/756.
=610  20$aBellwether Enterprises (Firm)
=650  \0$aRailroad engineering.
=650  \0$aTelecommuting.
=710  1\$aGreat Britain.$bDepartment of Trade and Industry.
=856  40$uhttp://www.ecommerce-awards.co.uk/_files/csbellwetherenterprisesltd.pdf
=830  \0$aBest practice in teleworking
=852  41$aBritish Library$bHMNTS$j360896$cDRT
=985  \\$aRecord amended for WR# 13/070
=CAT  \\$a7750$b40$c20050427$lBLL01$h0821
=CAT  \\$a7750$b40$c20050427$lBLL01$h0822
=CAT  \\$a7332$b40$c20050527$lBLL01$h1558
=CAT  \\$a7332$b40$c20050527$lBLL01$h1610
=CAT  \\$a7332$b40$c20050610$lBLL01$h0906
=CAT  \\$a5194$b40$c20050617$lBLL01$h1120
=CAT  \\$a11249$b40$c20051028$lBLL01$h0937
=CAT  \\$aBATCH-UPD$b40$c20070723$lBLL01$h1552
=CAT  \\$aBATCH-UPD$b40$c20070912$lBLL01$h2022
=CAT  \\$aBATCH$b00$c20080505$lBLL01$h1320
=CAT  \\$aBATCH$b00$c20091217$lBLL01$h0350
=CAT  \\$aWR10_184$c20101208$lBLL01$h1635
=CAT  \\$aWR12-140$c20121030$lBLL01$h1048
=CAT  \\$aWR13_070$b00$c20130504$lBLL01$h0239
=CAT  \\$aWR13.144/5$c20140418$lBLL01$h0930
=FIN  \\$aY$d20050527
=DRT  \\$aVDEP
=STA  \\$aSUPPRESSED$bWR10_184
=LAS  \\$aWR13.144/5$b00$c20140418$lBLL01$h0930

