=LDR  01959 am a2200565 a 4500
=001  013186371
=003  Uk
=005  20050615095540.0
=006  m\\\\|\\\d\|\\\\\\
=007  cr||||||||||||
=008  050427s2005\\\\enk\\\\\s\\\\o000\0\eng\\
=FMT  \\$a  BK
=040  \\$aUk$beng$cUk
=042  \\$aukblsr
=082  04$a658.3128$222
=245  00$aOutSec Ltd.$h[electronic resource]
=260  \\$a[London] :$bDept. of Trade and Industry,$c[2005].
=336  \\$atext$2rdacontent
=337  \\$acomputer$2rdamedia
=338  \\$aonline resource$2rdacarrier
=490  1\$aBest practice in teleworking
=490  0\$aAchieving best practice in your business
=538  \\$aMode of access: World Wide Web.
=538  \\$aSystem requirements: Adobe Acrobat Reader.
=500  \\$aTitle from p.1 of PDF file (viewed on 31 May, 2005)
=516  \\$aPDF format.
=500  \\$aURN 05/757.
=610  20$aOutSec Ltd.
=650  \0$aElectronic commerce.
=650  \0$aTelecommuting.
=710  1\$aGreat Britain.$bDepartment of Trade and Industry.
=856  40$uhttp://www.ecommerce-awards.co.uk/_files/csoutsec.pdf
=830  \0$aBest practice in teleworking
=852  41$aBritish Library$bHMNTS$j360899$cDRT
=985  \\$aRecord amended for WR# 13/070
=CAT  \\$a7750$b40$c20050427$lBLL01$h0843
=CAT  \\$a7750$b40$c20050427$lBLL01$h0844
=CAT  \\$a7332$b40$c20050531$lBLL01$h1547
=CAT  \\$a7332$b40$c20050609$lBLL01$h1614
=CAT  \\$a11278$b40$c20050615$lBLL01$h0955
=CAT  \\$aBATCH-UPD$b40$c20070723$lBLL01$h1552
=CAT  \\$aBATCH$b00$c20080505$lBLL01$h1320
=CAT  \\$aBATCH$b00$c20091217$lBLL01$h0350
=CAT  \\$aWR13_070$b00$c20130504$lBLL01$h0239
=CAT  \\$aWR13.144/5$c20140418$lBLL01$h0930
=CAT  \\$aW1711-1225$c20171203$lBLL01$h1021
=FIN  \\$aY$d20050531
=DRT  \\$aVDEP
=STA  \\$aSUPPRESSED$bunable to determine reason for suppression
=LAS  \\$aW1711-1225$b00$c20171203$lBLL01$h1021

