=LDR  02184 am a2200613 a 4500
=001  013186384
=003  Uk
=005  20050711121439.0
=006  m\\\\|\\\d\|\\\\\\
=007  cr||||||||||||
=008  050427s2005\\\\enk\\\\\s\\\\o000\0\eng\\
=FMT  \\$a  BK
=040  \\$aUk$beng$cUk
=042  \\$aukblsr
=082  04$a658.702854678$222
=245  00$aR. Withers plc.$h[electronic resource]
=260  \\$a[London] :$bDept. of Trade and Industry,$c[2005].
=336  \\$atext$2rdacontent
=337  \\$acomputer$2rdamedia
=338  \\$aonline resource$2rdacarrier
=490  0\$aBest practice in supply chain
=490  0\$aAchieving best practice in your business
=538  \\$aMode of access: World Wide Web.
=538  \\$aSystem requirements: Adobe Acrobat Reader.
=500  \\$aTitle from p.1 of PDF file (viewed on 31 May, 2005)
=516  \\$aPDF format.
=500  \\$aURN 05/761.
=690  7\$aManagement and Business Studies$2blcoll
=610  20$aR. Withers plc.
=650  \0$aBuildings$xRepair and reconstruction.
=650  \0$aBusiness logistics$vCase studies.
=650  \0$aElectronic commerce$vCase studies.
=710  1\$aGreat Britain.$bDepartment of Trade and Industry.
=856  40$uhttp://www.ecommerce-awards.co.uk/_files/csrwithersplc.pdf
=852  41$aBritish Library$bHMNTS$j360901$cDRT
=985  \\$aRecord amended for WR# 13/070
=CAT  \\$a7750$b40$c20050427$lBLL01$h0855
=CAT  \\$a7750$b40$c20050427$lBLL01$h0856
=CAT  \\$a7332$b40$c20050531$lBLL01$h1006
=CAT  \\$a7332$b40$c20050531$lBLL01$h1133
=CAT  \\$a7332$b40$c20050609$lBLL01$h1552
=CAT  \\$a7332$b40$c20050609$lBLL01$h1610
=CAT  \\$a11278$b40$c20050711$lBLL01$h1214
=CAT  \\$aBATCH-UPD$b40$c20070912$lBLL01$h2022
=CAT  \\$aBATCH$b00$c20080505$lBLL01$h1320
=CAT  \\$aBATCH$b00$c20090611$lBLL01$h1718
=CAT  \\$aWR10_184$c20101208$lBLL01$h1635
=CAT  \\$aWR12-140$c20121030$lBLL01$h1048
=CAT  \\$aWR13_070$b00$c20130504$lBLL01$h0239
=CAT  \\$aWR13.144/5$c20140418$lBLL01$h0930
=FIN  \\$aY$d20050531
=DRT  \\$aVDEP
=STA  \\$aSUPPRESSED$bWR10_184
=LAS  \\$aWR13.144/5$b00$c20140418$lBLL01$h0930

