=LDR  02146 am a2200601 a 4500
=001  013186395
=003  Uk
=005  20050617112757.0
=006  m\\\\|\\\d\|\\\\\\
=007  cr||||||||||||
=008  050427s2003\\\\enk\\\\\s\\\\o000\0\eng\\
=FMT  \\$a  BK
=040  \\$aUk$beng$cUk
=042  \\$aukblsr
=082  04$a338.176$222
=245  04$aThe Well Hung Meat Company.$h[electronic resource]
=260  \\$a[London] :$bDTI,$cc2003.
=336  \\$atext$2rdacontent
=337  \\$acomputer$2rdamedia
=338  \\$aonline resource$2rdacarrier
=490  0\$aBest practice in online payments
=490  0\$aAchieving best practice in your business
=538  \\$aMode of access: World Wide Web.
=538  \\$aSystem requirements: IBM compatible PC; Windows; Adobe Acrobat Reader.
=500  \\$aTitle from PDF title page (viewed on 27 May, 2005)
=516  \\$aPDF format.
=500  \\$aURN 05/783.
=690  7\$aManagement and Business Studies$2blcoll
=610  20$aWell Hung Meat Company.
=650  \0$aInternet telephony.
=650  \0$aMeat industry and trade$zGreat Britain.
=710  1\$aGreat Britain.$bDepartment of Trade and Industry.
=856  4\$uhttp://www.dti.gov.uk/bestpractice/assets/cswellhungmeat.pdf
=852  41$aBritish Library$bHMNTS$j360903$cDRT
=985  \\$aRecord amended for WR# 13/070
=CAT  \\$a7750$b40$c20050427$lBLL01$h0905
=CAT  \\$a7332$b40$c20050527$lBLL01$h1536
=CAT  \\$a7332$b40$c20050527$lBLL01$h1538
=CAT  \\$a7332$b40$c20050527$lBLL01$h1612
=CAT  \\$a7332$b40$c20050610$lBLL01$h0901
=CAT  \\$a5194$b40$c20050617$lBLL01$h1127
=CAT  \\$aBATCH-UPD$b40$c20070723$lBLL01$h1552
=CAT  \\$aBATCH-UPD$b40$c20070912$lBLL01$h2022
=CAT  \\$aBATCH$b00$c20080505$lBLL01$h1320
=CAT  \\$aBATCH$b00$c20090611$lBLL01$h1718
=CAT  \\$aWR10_184$c20101208$lBLL01$h1635
=CAT  \\$aWR12-140$c20121030$lBLL01$h1048
=CAT  \\$aWR13_070$b00$c20130504$lBLL01$h0239
=CAT  \\$aWR13.144/5$c20140418$lBLL01$h0930
=FIN  \\$aY$d20050527
=DRT  \\$aVDEP
=STA  \\$aSUPPRESSED$bWR10_184
=LAS  \\$aWR13.144/5$b00$c20140418$lBLL01$h0930

