=LDR  02112 am a2200589 a 4500
=001  013186522
=003  Uk
=005  20070913133701.0
=006  m\\\\|\\\d\|\\\\\\
=007  cr||||||||||||
=008  050427s2005\\\\enk||||\s||||o00|\0\eng\\
=FMT  \\$a  BK
=040  \\$aUk$beng$cUk
=042  \\$aukblsr
=082  04$a650.4013$222
=245  00$aRicoh UK Products Limited$h[electronic resource].
=260  \\$a[London] :$bDept. of Trade and Industry,$c[2005].
=336  \\$atext$2rdacontent
=337  \\$acomputer$2rdamedia
=338  \\$aonline resource$2rdacarrier
=490  1\$aBest practice in quality management.
=490  0\$aAchieving best practice in your business
=538  \\$aMode of access: World Wide Web.
=538  \\$aSystem requirements: Adobe Acrobat Reader.
=500  \\$aTitle from p.1 of PDF file (viewed on 1 June, 2005).
=516  \\$aPDF format.
=500  \\$aURN 05/669.
=610  24$aRicoh UK Products (Firm)
=650  \0$aCustomer services$xManagement$vCase studies.
=650  \0$aQuality control$xStandards.
=650  \0$aTotal quality management$vCase studies.
=710  1\$aGreat Britain.$bDepartment of Trade and Industry.
=856  40$uhttp://www.dti.gov.uk/bestpractice/assets/csricoh-uk.pdf
=830  \0$aBest practice in quality management.
=852  41$aBritish Library$bHMNTS$j360913$cDRT
=985  \\$aRecord amended for WR# 13/070
=CAT  \\$a7750$b40$c20050427$lBLL01$h1029
=CAT  \\$a7750$b40$c20050427$lBLL01$h1030
=CAT  \\$a8141$b40$c20050601$lBLL01$h1443
=CAT  \\$a5194$b40$c20050603$lBLL01$h1154
=CAT  \\$aBATCH-UPD$b40$c20070912$lBLL01$h2022
=CAT  \\$a11279$b40$c20070913$lBLL01$h1337
=CAT  \\$aBATCH$b00$c20080505$lBLL01$h1320
=CAT  \\$aBATCH$b00$c20091217$lBLL01$h0350
=CAT  \\$aWR10_184$c20101208$lBLL01$h1635
=CAT  \\$aWR12-140$c20121030$lBLL01$h1048
=CAT  \\$aWR13_070$b00$c20130504$lBLL01$h0239
=CAT  \\$aWR13.144/5$c20140418$lBLL01$h0930
=FIN  \\$aY$d20050601
=DRT  \\$aVDEP
=STA  \\$aSUPPRESSED$bWR10_184
=LAS  \\$aWR13.144/5$b00$c20140418$lBLL01$h0930

