=LDR  01950 am a2200565 a 4500
=001  013186566
=003  Uk
=005  20120105115108.0
=006  m\\\\|\\\d\|\\\\\\
=007  cr||||||||||||
=008  050427s2005\\\\enk\\\\\s\\\\o000\0\eng\\
=FMT  \\$a  BK
=040  \\$aUk$beng$cUk
=042  \\$aukblsr
=082  04$a331.257$222
=245  00$aDiscovery Networks Europe$h[electronic resource]
=260  \\$a[London] :$bDTI,$cc2005.
=336  \\$atext$2rdacontent
=337  \\$acomputer$2rdamedia
=338  \\$aonline resource$2rdacarrier
=490  0\$aBest practice in flexible working
=490  0\$aAchieving best practice in your business
=538  \\$aMode of access: World Wide Web.
=538  \\$aSystem requirements: Adobe Acrobat Reader.
=500  \\$aTitle from PDF title page.
=516  \\$aPDF format.
=500  \\$aPublisher's no.: URN 05/742.
=690  7\$aManagement and Business Studies$2blcoll
=610  20$aDiscovery Networks Europe.
=650  \0$aFlextime.
=710  1\$aGreat Britain.$bDepartment of Trade and Industry.
=856  4\$uhttp://www.dti.gov.uk/bestpractice/assets/csdiscovery.pdf
=852  41$aBritish Library$bHMNTS$j360920$cDRT
=985  \\$aRecord amended for WR# 13/070
=CAT  \\$a7750$b40$c20050427$lBLL01$h1051
=CAT  \\$a11281$b40$c20050531$lBLL01$h1129
=CAT  \\$a11278$b40$c20060914$lBLL01$h1122
=CAT  \\$aBATCH-UPD$b40$c20070723$lBLL01$h1553
=CAT  \\$aBATCH-UPD$b40$c20070912$lBLL01$h2022
=CAT  \\$aBATCH$b00$c20080505$lBLL01$h1320
=CAT  \\$aBATCH$b00$c20090611$lBLL01$h1718
=CAT  \\$aWR10_184$c20101208$lBLL01$h1635
=CAT  \\$a9572$b40$c20120105$lBLL01$h1151
=CAT  \\$aWR12-140$c20121030$lBLL01$h1048
=CAT  \\$aWR13_070$b00$c20130504$lBLL01$h0239
=CAT  \\$aWR13.144/5$c20140418$lBLL01$h0930
=FIN  \\$aY$d20050531
=DRT  \\$aVDEP
=STA  \\$aSUPPRESSED$bWR10_184
=LAS  \\$aWR13.144/5$b00$c20140418$lBLL01$h0930

