=LDR  02007 am a2200577 a 4500
=001  013186639
=003  Uk
=005  20050526163044.0
=006  m\\\\|\\\d\|\\\\\\
=007  cr||||||||||||
=008  050427s2005\\\\enk\\\\\s\\\\o000\0\eng\\
=FMT  \\$a  BK
=040  \\$aUk$beng$cUk
=042  \\$aukblsr
=082  04$a793.5$222
=245  00$aSillyjokes.co.uk$h[electronic resource]
=260  \\$a[London] :$bDTI,$cc2005.
=336  \\$atext$2rdacontent
=337  \\$acomputer$2rdamedia
=338  \\$aonline resource$2rdacarrier
=490  1\$aBest practice in broadband, rural e-business
=490  0\$aAchieving best practice in your business
=538  \\$aMode of access: World Wide Web.
=538  \\$aSystem requirements: IBM compatible PC; Windows; Adobe Acrobat Reader.
=500  \\$aTitle from PDF title page.
=516  \\$aPDF format.
=500  \\$aPublisher's no.: URN 05/752.
=610  20$aSillyjokes.co.uk (Firm)
=650  \0$aElectronic commerce.
=650  \0$aPractical jokes.
=650  \0$aWit and humor.
=710  1\$aGreat Britain.$bDepartment of Trade and Industry.
=856  4\$uhttp://www.dti.gov.uk/bestpractice/assets/cssillyjokes.pdf
=830  \0$aBest practice in broadband, rural e-business
=852  41$aBritish Library$bHMNTS$j360935$cDRT
=985  \\$aRecord amended for WR# 13/070
=CAT  \\$a7750$b40$c20050427$lBLL01$h1113
=CAT  \\$a7750$b40$c20050427$lBLL01$h1114
=CAT  \\$a11281$b40$c20050526$lBLL01$h1630
=CAT  \\$aBATCH-UPD$b40$c20070723$lBLL01$h1553
=CAT  \\$aBATCH-UPD$b40$c20070912$lBLL01$h2022
=CAT  \\$aBATCH$b00$c20080505$lBLL01$h1320
=CAT  \\$aBATCH$b00$c20091217$lBLL01$h0350
=CAT  \\$aWR10_184$c20101208$lBLL01$h1635
=CAT  \\$aWR12-140$c20121030$lBLL01$h1049
=CAT  \\$aWR13_070$b00$c20130504$lBLL01$h0239
=CAT  \\$aWR13.144/5$c20140418$lBLL01$h0930
=FIN  \\$aY$d20050526
=DRT  \\$aVDEP
=STA  \\$aSUPPRESSED$bWR10_184
=LAS  \\$aWR13.144/5$b00$c20140418$lBLL01$h0930

