=LDR  01815 am a2200493 a 4500
=001  013186716
=003  Uk
=005  20050429110802.0
=006  m\\\\|\\\d\|\\\\\\
=007  cr||n|||||||||
=008  050427s2005\\\\enk\\\\\s\\\\o000\0\eng\\
=FMT  \\$a  BK
=015  \\$aGBA537495$2bnb
=020  \\$cNo price
=040  \\$aUk$beng$cUk
=042  \\$aukblsr
=082  04$a343.41071$222
=245  00$aDesignation as an enforcer for part 8 of the Enterprise Act 2002$h[electronic resource] :$bguidance for private bodies seeking a designation under section 213.
=260  \\$a[London] :$bDTI,$c[2005].
=336  \\$atext$2rdacontent
=337  \\$acomputer$2rdamedia
=338  \\$aonline resource$2rdacarrier
=538  \\$aMode of access: World Wide Web.
=538  \\$aSystem requirements: IBM compatible PC; Windows; Adobe Acrobat Reader.
=500  \\$aTitle from PDF title screen.
=516  \\$aPDF format.
=500  \\$aPublisher's no.: URN 05/1075.
=650  \0$aConsumer protection$zGreat Britain.
=650  \0$aConsumer protection$xLaw and legislation$zGreat Britain.
=710  1\$aGreat Britain.$bConsumer Affairs & Competition Policy Directorate.
=856  4\$uhttp://www.dti.gov.uk/ccp/enterpriseact/pdfs/sec213guide.pdf
=852  41$aBritish Library$bHMNTS$j360940$cDRT
=CAT  \\$a7750$b40$c20050427$lBLL01$h1139
=CAT  \\$a7750$b40$c20050427$lBLL01$h1140
=CAT  \\$a11281$b40$c20050429$lBLL01$h1108
=CAT  \\$aBATCH-UPD$b40$c20070912$lBLL01$h2022
=CAT  \\$aBATCH$b00$c20080505$lBLL01$h1320
=CAT  \\$aWR10_184$c20101208$lBLL01$h1635
=CAT  \\$aWR12-140$c20121030$lBLL01$h1049
=CAT  \\$aWR13.144/5$c20140418$lBLL01$h0930
=FIN  \\$aY$d20050429
=DRT  \\$aVDEP
=STA  \\$aSUPPRESSED$bWR10_184
=LAS  \\$aWR13.144/5$b00$c20140418$lBLL01$h0930

