=LDR  01841 am a2200529 a 4500
=001  013186837
=003  Uk
=005  20050527093422.0
=006  m\\\\|\\\d\|\\\\\\
=007  cr||||||||||||
=008  050427s2005\\\\enk||||\s||||o00|\0\eng\\
=FMT  \\$a  BK
=040  \\$aUk$beng$cUk
=042  \\$aukblsr
=082  04$a658.8708$222
=245  00$aGreensleeves Garden Care Limited$h[electronic resource].
=260  \\$a[London] :$bDept. of Trade and Industry,$c[2005].
=336  \\$atext$2rdacontent
=337  \\$acomputer$2rdamedia
=338  \\$aonline resource$2rdacarrier
=490  0\$aHot topic, managing high growth
=490  0\$aAchieving best practice in your business
=538  \\$aMode of access: World Wide Web.
=538  \\$aSystem requirements: Adobe Acrobat Reader.
=500  \\$aTitle from p.1 of PDF file.
=516  \\$aPDF format.
=500  \\$aURN 05/792.
=610  24$aGreensleeves Garden Care (Firm)
=650  \0$aLawn care industry$xManagement$vCase studies.
=650  \0$aNew business enterprises$xFinance
=690  7\$aManagement and Business Studies$2blcoll
=856  40$uhttp://www.dti.gov.uk/bestpractice/assets/csgreensleeves.pdf
=852  41$aBritish Library$bHMNTS$j360947$cDRT
=CAT  \\$a7750$b40$c20050427$lBLL01$h1229
=CAT  \\$a7750$b40$c20050427$lBLL01$h1230
=CAT  \\$a8141$b40$c20050525$lBLL01$h0904
=CAT  \\$a5194$b40$c20050527$lBLL01$h0934
=CAT  \\$aBATCH-UPD$b40$c20070912$lBLL01$h2022
=CAT  \\$aBATCH$b00$c20080505$lBLL01$h1320
=CAT  \\$aBATCH$b00$c20090611$lBLL01$h1718
=CAT  \\$aWR10_184$c20101208$lBLL01$h1635
=CAT  \\$aWR12-140$c20121030$lBLL01$h1049
=CAT  \\$aWR13.144/5$c20140418$lBLL01$h0930
=FIN  \\$aY$d20050525
=DRT  \\$aVDEP
=STA  \\$aSUPPRESSED$bWR10_184
=LAS  \\$aWR13.144/5$b00$c20140418$lBLL01$h0930

