=LDR  02183 am a2200625 a 4500
=001  013187010
=003  Uk
=005  20050531160845.0
=006  m\\\\|\\\d\|\\\\\\
=007  cr||||||||||||
=008  050427s2005\\\\enk||||\s||||o00|\0\eng\\
=FMT  \\$a  BK
=020  \\$cNo price
=040  \\$aUk$beng$cUk
=042  \\$aukblsr
=082  04$a658.4058$222
=245  00$aSpace (the Design Practice) Limited$h[electronic resource].
=260  \\$a[London] :$bDept. of Trade and Industry,$c[2005].
=336  \\$atext$2rdacontent
=337  \\$acomputer$2rdamedia
=338  \\$aonline resource$2rdacarrier
=490  0\$aBest practice in outsourcing
=490  0\$aAchieving best practice in your business
=538  \\$aMode of access: World Wide Web.
=538  \\$aSystem requirements: Adobe Acrobat Reader.
=500  \\$aTitle from p.1 of PDF file.
=516  \\$aPDF format.
=500  \\$aURN 05/811.
=690  7\$aManagement and Business Studies$2blcoll
=610  24$aSpace (the Design Practice) (Firm)
=650  \0$aContracting out$vCase studies.
=650  \0$aCruise ships$xDesign.
=650  \0$aInterior decoration.
=650  \0$aThree-dimensional display systems.
=710  1\$aGreat Britain.$bDepartment of Trade and Industry.
=856  40$uhttp://www.dti.gov.uk/bestpractice/assets/csspace.pdf
=852  41$aBritish Library$bHMNTS$j360957$cDRT
=985  \\$aRecord amended for WR# 13/070
=CAT  \\$a7750$b40$c20050427$lBLL01$h1421
=CAT  \\$a7750$b40$c20050427$lBLL01$h1422
=CAT  \\$a8141$b40$c20050526$lBLL01$h1449
=CAT  \\$a8141$b40$c20050527$lBLL01$h0759
=CAT  \\$a8141$b40$c20050527$lBLL01$h0820
=CAT  \\$a5194$b40$c20050531$lBLL01$h1608
=CAT  \\$aBATCH-UPD$b40$c20070912$lBLL01$h2022
=CAT  \\$aBATCH$b00$c20080505$lBLL01$h1320
=CAT  \\$aBATCH$b00$c20090611$lBLL01$h1718
=CAT  \\$aWR10_184$c20101208$lBLL01$h1635
=CAT  \\$aWR12-140$c20121030$lBLL01$h1049
=CAT  \\$aWR13_070$b00$c20130504$lBLL01$h0239
=CAT  \\$aWR13.144/5$c20140418$lBLL01$h0930
=FIN  \\$aY$d20050526
=DRT  \\$aVDEP
=STA  \\$aSUPPRESSED$bWR10_184
=LAS  \\$aWR13.144/5$b00$c20140418$lBLL01$h0930

