=LDR  01963 am a2200529 a 4500
=001  013187133
=003  Uk
=005  20050512095656.0
=006  m\\\\|\\\d\|\\\\\\
=007  cr||n\|||a||||
=008  050427s2005\\\\enk||||\s||||\00|\0\eng\\
=FMT  \\$a  BK
=015  \\$aGBA540950$2bnb
=020  \\$a0954796853
=040  \\$aUk$beng$cUk
=042  \\$aukblsr
=082  04$a362.70830942$222
=245  00$aEvaluation of the Young People's Development Programme$h[electronic resource] :$bfirst interim report, December 2004 /$cMeg Wiggins ... [et al.].
=260  \\$aLondon :$bSocial Science Research Unit, Institute of Education, University of London,$c2005.
=336  \\$atext$2rdacontent
=337  \\$acomputer$2rdamedia
=338  \\$aonline resource$2rdacarrier
=538  \\$aMode of access: World Wide Web.
=538  \\$aSystem requirements: IBM compatible PC; Windows; Adobe Acrobat Reader.
=500  \\$aTitle from p.1 of PDF file.
=516  \\$aPDF format.
=610  24$aYoung People's Development Programme (Great Britain)
=650  \0$aYouth$xServices for$zEngland.
=690  7\$aSocial Welfare$2blcoll
=700  1\$aWiggins, Meg.
=710  2\$aUniversity of London.$bSocial Science Research Unit
=856  40$uhttp://www.ioe.ac.uk/ssru/reports/ypdpfirstinterim.pdf
=852  41$aBritish Library$bHMNTS$j357074$cDRT
=CAT  \\$a10902$b40$c20050427$lBLL01$h1536
=CAT  \\$a8141$b40$c20050511$lBLL01$h0901
=CAT  \\$a5194$b40$c20050512$lBLL01$h0956
=CAT  \\$aBATCH-UPD$b40$c20070912$lBLL01$h2022
=CAT  \\$aBATCH$b00$c20080505$lBLL01$h1320
=CAT  \\$aWR10_184$c20101208$lBLL01$h1635
=CAT  \\$aBATCH$b00$c20110625$lBLL01$h0513
=CAT  \\$aBATCH-SWP4$c20110627$lBLL01$h1555
=CAT  \\$aWR12-140$c20121030$lBLL01$h1049
=CAT  \\$aWR13.144/5$c20140418$lBLL01$h0930
=FIN  \\$aY$d20050511
=DRT  \\$aVDEP
=STA  \\$aSUPPRESSED$bWR10_184
=LAS  \\$aWR13.144/5$b00$c20140418$lBLL01$h0930

