=LDR  01810 am a2200541 a 4500
=001  013187321
=003  Uk
=005  20050526084657.0
=006  m\\\\|\\\d\|\\\\\\
=007  cr||||||||||||
=008  050428s2005\\\\enk\\\\\s\\\\o000\0\eng\\
=FMT  \\$a  BK
=040  \\$aUk$beng$cUk
=042  \\$aukblsr
=082  04$a306.36
=245  00$aTop ten tips for work-life balance success$h[electronic resource]
=260  \\$a[London] :$bDTI,$c2005.
=336  \\$atext$2rdacontent
=337  \\$acomputer$2rdamedia
=338  \\$aonline resource$2rdacarrier
=490  0\$aAchieving best practice in your business
=538  \\$aMode of access: World Wide Web.
=538  \\$aSystem requirements: Adobe Acrobat Reader.
=500  \\$aTitle from PDF title screen.
=516  \\$aPDF format.
=500  \\$aPublisher's no.: URN 05/773.
=650  \0$aWork and family.
=650  \0$aHours of labor.
=650  \0$aQuality of life.
=690  7\$aManagement and Business Studies$2blcoll
=690  7\$aSocial Welfare$2blcoll
=856  4\$uhttp://www.dti.gov.uk/bestpractice/assets/toptips.pdf
=852  41$aBritish Library$bHMNTS$j360964$cDRT
=CAT  \\$a7750$b40$c20050428$lBLL01$h0849
=CAT  \\$a7750$b40$c20050428$lBLL01$h0850
=CAT  \\$a11281$b40$c20050526$lBLL01$h0846
=CAT  \\$aBATCH-UPD$b40$c20070912$lBLL01$h2022
=CAT  \\$aBATCH$b00$c20080505$lBLL01$h1320
=CAT  \\$aBATCH$b00$c20090611$lBLL01$h1718
=CAT  \\$aWR10_184$c20101208$lBLL01$h1635
=CAT  \\$aBATCH$b00$c20110625$lBLL01$h0513
=CAT  \\$aBATCH-SWP4$c20110627$lBLL01$h1555
=CAT  \\$aWR12-140$c20121030$lBLL01$h1049
=CAT  \\$aWR13.144/5$c20140418$lBLL01$h0930
=FIN  \\$aY$d20050526
=DRT  \\$aVDEP
=STA  \\$aSUPPRESSED$bWR10_184
=LAS  \\$aWR13.144/5$b00$c20140418$lBLL01$h0930

