=LDR  01974 am a2200565 a 4500
=001  013187327
=003  Uk
=005  20070913134116.0
=006  m\\\\|\\\d\|\\\\\\
=007  cr||||||||||||
=008  050428s2005\\\\enk\\\\\s\\\\o000\0\eng\\
=FMT  \\$a  BK
=040  \\$aUk$beng$cUk
=042  \\$aukblsr
=082  04$a621.37$222
=245  00$aEpsilon Test Services$h[electronic resource].
=260  \\$a[London] :$bDTI,$cc2005.
=336  \\$atext$2rdacontent
=337  \\$acomputer$2rdamedia
=338  \\$aonline resource$2rdacarrier
=490  1\$aBest practice in wireless & mobile
=490  0\$aAchieving best practice in your business
=538  \\$aMode of access: World Wide Web.
=538  \\$aSystem requirements: Adobe Acrobat Reader.
=500  \\$aTitle from PDF title page.
=516  \\$aPDF format.
=500  \\$aPublisher's no.: URN 05/561.
=610  20$aEpsilon Test Services (Firm)
=650  \0$aElectric engineering.
=650  \0$aIndustrial equipment$xTesting.
=710  1\$aGreat Britain.$bDepartment of Trade and Industry.
=856  4\$uhttp://www.dti.gov.uk/bestpractice/assets/csepsilon.pdf?pubpdfdload=05%2F561
=830  \0$aBest practice in wireless & mobile
=852  41$aBritish Library$bHMNTS$j360969$cDRT
=985  \\$aRecord amended for WR# 13/070
=CAT  \\$a7750$b40$c20050428$lBLL01$h0857
=CAT  \\$a11281$b40$c20050613$lBLL01$h1428
=CAT  \\$aBATCH-UPD$b40$c20070723$lBLL01$h1554
=CAT  \\$aBATCH-UPD$b40$c20070912$lBLL01$h2022
=CAT  \\$a11279$b40$c20070913$lBLL01$h1341
=CAT  \\$aBATCH$b00$c20080505$lBLL01$h1320
=CAT  \\$aBATCH$b00$c20091217$lBLL01$h0350
=CAT  \\$aWR10_184$c20101208$lBLL01$h1635
=CAT  \\$aWR12-140$c20121030$lBLL01$h1049
=CAT  \\$aWR13_070$b00$c20130504$lBLL01$h0239
=CAT  \\$aWR13.144/5$c20140418$lBLL01$h0930
=FIN  \\$aY$d20050613
=DRT  \\$aVDEP
=STA  \\$aSUPPRESSED$bWR10_184
=LAS  \\$aWR13.144/5$b00$c20140418$lBLL01$h0930

