=LDR  01994 am a2200589 a 4500
=001  013187364
=003  Uk
=005  20050527152445.0
=006  m\\\\|\\\d\|\\\\\\
=007  cr||||||||||||
=008  050428s2005\\\\enk\\\\\s\\\\o000\0\eng\\
=FMT  \\$a  BK
=020  \\$cNo price
=040  \\$aUk$beng$cUk
=042  \\$aukblsr
=082  04$a658.7$222
=245  00$aSBS Logistics$h[electronic resource]
=260  \\$a[London] :$bDTI,$cc2005.
=336  \\$atext$2rdacontent
=337  \\$acomputer$2rdamedia
=338  \\$aonline resource$2rdacarrier
=490  0\$aBest practice in VoIP
=490  0\$aAchieving best practice in your business
=538  \\$aMode of access: World Wide Web.
=538  \\$aSystem requirements: IBM compatible PC; Windows; Adobe Acrobat Reader.
=500  \\$aTitle from PDF title page.
=516  \\$aPDF format.
=500  \\$aURN 05/560.
=690  7\$aManagement and Business Studies$2blcoll
=610  20$aSBS Logistics (Firm)
=650  \0$aInternet telephony.
=650  \0$aLogistics.
=710  1\$aGreat Britain.$bDepartment of Trade and Industry.
=856  4\$uhttp://www.dti.gov.uk/bestpractice/assets/cssbs-logistics.pdf
=852  41$aBritish Library$bHMNTS$j360976$cDRT
=985  \\$aRecord amended for WR# 13/070
=CAT  \\$a7750$b40$c20050428$lBLL01$h0919
=CAT  \\$a7750$b40$c20050428$lBLL01$h0920
=CAT  \\$a11281$b40$c20050524$lBLL01$h0938
=CAT  \\$a7332$b40$c20050527$lBLL01$h1524
=CAT  \\$aBATCH-UPD$b40$c20070723$lBLL01$h1554
=CAT  \\$aBATCH-UPD$b40$c20070912$lBLL01$h2022
=CAT  \\$aBATCH$b00$c20080505$lBLL01$h1320
=CAT  \\$aBATCH$b00$c20090611$lBLL01$h1718
=CAT  \\$aWR10_184$c20101208$lBLL01$h1635
=CAT  \\$aWR12-140$c20121030$lBLL01$h1049
=CAT  \\$aWR13_070$b00$c20130504$lBLL01$h0239
=CAT  \\$aWR13.144/5$c20140418$lBLL01$h0930
=FIN  \\$aY$d20050524
=DRT  \\$aVDEP
=STA  \\$aSUPPRESSED$bWR10_184
=LAS  \\$aWR13.144/5$b00$c20140418$lBLL01$h0930

