=LDR  02043 am a2200577 a 4500
=001  013192943
=003  Uk
=005  20050512102219.0
=006  m\\\\|\\\d\|\\\\\\
=007  cr||n\||||||||
=008  050509s2004\\\\enk\\\\\sb\\\\000\0\eng\\
=FMT  \\$a  BK
=015  \\$aGBA539419$2bnb
=020  \\$z185449572 :$cNo price
=040  \\$aUk$beng$cUk
=042  \\$aukblsr
=082  04$a332.63$222
=100  1\$aBinner, Jane M.,$d1961-
=245  14$aThe UK household sector demand for risky money$h[electronic resource] /$cby Jane Binner & Thomas Elger.
=260  \\$aBirmingham :$bAston Business School,$c2004.
=336  \\$atext$2rdacontent
=337  \\$acomputer$2rdamedia
=338  \\$aonline resource$2rdacarrier
=490  0\$aAston Business School research papers ;$vRP0410
=538  \\$aMode of access: World Wide Web.
=538  \\$aSystem requirements: IBM compatible PC; Windows; Adobe Acrobat Reader.
=500  \\$aTitle from PDF title screen.
=516  \\$aPDF format.
=504  \\$aIncludes bibliographical references.
=650  \0$aSpeculation.
=650  \0$aSpeculation$xMathematical models.
=650  \0$aInvestments.
=650  \0$aInvestments$xMathematical models.
=690  7\$aManagement and Business Studies$2blcoll
=700  1\$aElger, Thomas.
=856  4\$uhttp://www.abs.aston.ac.uk/newweb/research/publications/docs/RP0410.pdf
=852  41$aBritish Library$bHMNTS$j357081$cDRT
=CAT  \\$a6524$b40$c20050509$lBLL01$h0932
=CAT  \\$a6524$b40$c20050509$lBLL01$h0938
=CAT  \\$a11281$b40$c20050509$lBLL01$h1418
=CAT  \\$a5194$b40$c20050512$lBLL01$h1022
=CAT  \\$aBATCH-UPD$b40$c20070912$lBLL01$h2022
=CAT  \\$aBATCH$b00$c20080505$lBLL01$h1320
=CAT  \\$aBATCH$b00$c20090611$lBLL01$h1718
=CAT  \\$aWR10_184$c20101208$lBLL01$h1635
=CAT  \\$aWR12-140$c20121030$lBLL01$h1049
=CAT  \\$aWR13.144/5$c20140418$lBLL01$h0930
=FIN  \\$aY$d20050509
=DRT  \\$aVDEP
=STA  \\$aSUPPRESSED$bWR10_184
=LAS  \\$aWR13.144/5$b00$c20140418$lBLL01$h0930

