=LDR  02063 am a2200553 a 4500
=001  013192989
=003  Uk
=005  20050509154033.0
=006  m\\\\|\\\d\|\\\\\\
=007  cr||n\||||||||
=008  050509s2004\\\\enk\\\\\sb\\\\000\0\eng\\
=FMT  \\$a  BK
=015  \\$aGBA539448$2bnb
=020  \\$a1854496050 :$cNo price
=040  \\$aUk$beng$cUk
=042  \\$aukblsr
=082  04$a657.0285$222
=100  1\$aBasioudis, Ilias G.$q(Ilias Grigorios)
=245  13$aAn assessment of the learning benefits of using a web-based learning environment when teaching accounting$h[electronic resource] /$cby Ilias G. Basioudis & Paul de Lange.
=260  \\$aBirmingham :$bAston Business School,$c2004.
=336  \\$atext$2rdacontent
=337  \\$acomputer$2rdamedia
=338  \\$aonline resource$2rdacarrier
=490  0\$aAston business school research papers ;$vRP0425
=538  \\$aMode of access: World Wide Web.
=538  \\$aSystem requirements: IBM compatible PC; Windows; Adobe Acrobat Reader.
=500  \\$aTitle from PDF title screen.
=516  \\$aPDF format.
=504  \\$aIncludes bibliographical references.
=650  \0$aAccounting$xStudy and teaching.
=650  \0$aAccounting$xComputer-assisted instruction.
=650  \0$aInternet.
=690  7\$aManagement and Business Studies$2blcoll
=700  1\$aLange, Paul de,$d1950-
=856  4\$uhttp://www.abs.aston.ac.uk/newweb/research/publications/docs/RP0425.pdf
=852  41$aBritish Library$bHMNTS$j357064$cDRT
=CAT  \\$a6524$b40$c20050509$lBLL01$h1024
=CAT  \\$a6524$b40$c20050509$lBLL01$h1026
=CAT  \\$a11281$b40$c20050509$lBLL01$h1540
=CAT  \\$aBATCH-UPD$b40$c20070912$lBLL01$h2022
=CAT  \\$aBATCH$b00$c20080505$lBLL01$h1320
=CAT  \\$aBATCH$b00$c20090611$lBLL01$h1718
=CAT  \\$aWR10_184$c20101208$lBLL01$h1635
=CAT  \\$aWR12-140$c20121030$lBLL01$h1049
=CAT  \\$aWR13.144/5$c20140418$lBLL01$h0930
=FIN  \\$aY$d20050509
=DRT  \\$aVDEP
=STA  \\$aSUPPRESSED$bWR10_184
=LAS  \\$aWR13.144/5$b00$c20140418$lBLL01$h0930

