=LDR  02017 am a2200553 a 4500
=001  013193016
=003  Uk
=005  20050510085051.0
=006  m\\\\|\\\d\|\\\\\\
=007  cr||n\||||||||
=008  050509s2004\\\\enk\\\\\sb\\\\000\0\eng\\
=FMT  \\$a  BK
=015  \\$aGBA539481$2bnb
=020  \\$a1854496107 :$cNo price
=040  \\$aUk$beng$cUk
=042  \\$aukblsr
=082  04$a158.7$222
=100  1\$aHigón, Dolores Añón.
=245  10$aUK manufacturing productivity performance in an international perspective$h[electronic resource] /$cby Dolores Anon Higon.
=260  \\$aBirmingham :$bAston Business School,$c2004.
=336  \\$atext$2rdacontent
=337  \\$acomputer$2rdamedia
=338  \\$aonline resource$2rdacarrier
=490  0\$aAston Business School research papers ;$vRP0426
=538  \\$aMode of access: World Wide Web.
=538  \\$aSystem requirements: IBM compatible PC; Windows; Adobe Acrobat Reader.
=500  \\$aTitle from PDF title screen.
=516  \\$aPDF format.
=504  \\$aIncludes bibliographical references.
=650  \0$aOrganizational behavior$zNepal.
=650  \0$aOrganizational effectiveness$zNepal.
=650  \0$aPsychology, Industrial$zNepal.
=650  \0$aJob satisfaction$zNepal.
=690  7\$aManagement and Business Studies$2blcoll
=856  4\$uhttp://www.abs.aston.ac.uk/newweb/research/publications/docs/RP0426.pdf
=852  41$aBritish Library$bHMNTS$j357082$cDRT
=CAT  \\$a6524$b40$c20050509$lBLL01$h1047
=CAT  \\$a6524$b40$c20050509$lBLL01$h1048
=CAT  \\$a11281$b40$c20050510$lBLL01$h0850
=CAT  \\$aBATCH-UPD$b40$c20070912$lBLL01$h2022
=CAT  \\$aBATCH$b00$c20080505$lBLL01$h1320
=CAT  \\$aBATCH$b00$c20090611$lBLL01$h1718
=CAT  \\$aWR10_184$c20101208$lBLL01$h1635
=CAT  \\$aWR12-140$c20121030$lBLL01$h1049
=CAT  \\$aWR13.144/5$c20140418$lBLL01$h0930
=FIN  \\$aY$d20050510
=DRT  \\$aVDEP
=STA  \\$aSUPPRESSED$bWR10_184
=LAS  \\$aWR13.144/5$b00$c20140418$lBLL01$h0930

