=LDR  01982 am a2200553 a 4500
=001  013196809
=003  Uk
=005  20050512160026.0
=006  m\\\\|\\\d\|\\\\\\
=007  cr||||||||||||
=008  050511s2004\\\\enk\\\\\s\\\\\000\0\eng\\
=FMT  \\$a  BK
=015  \\$aGBA541157$2bnb
=020  \\$cNo price
=040  \\$aUk$beng$cUk
=042  \\$aukblsr
=082  04$a331.11$222
=100  1\$aSala, Emanuela.
=245  10$aMeasuring change in employment characteristics$h[electronic resource] :$bthe effects of dependent interviewing /$cEmanuela Sala and Peter Lynn.
=260  \\$aColchester :$bISER,$cc2004.
=336  \\$atext$2rdacontent
=337  \\$acomputer$2rdamedia
=338  \\$aonline resource$2rdacarrier
=490  0\$aISER working papers ;$vno. 2004-26
=538  \\$aMode of access: World Wide Web.
=538  \\$aSystem requirements: IBM compatible PC; Windows; Adobe Acrobat Reader.
=500  \\$aTitle from PDF title screen.
=516  \\$aIn PDF format.
=650  \0$aEmployees$xStatistics.
=650  \0$aInterviewing$xStatistics.
=690  7\$aManagement and Business Studies$2blcoll
=700  1\$aLynn, Peter,$d1966-
=710  2\$aUniversity of Essex.$bInstitute for Social and Economic Research.
=856  4\$uhttp://www.iser.essex.ac.uk/pubs/workpaps/pdf/2004-26.pdf
=852  41$aBritish Library$bHMNTS$j357078$cDRT
=CAT  \\$a10902$b40$c20050511$lBLL01$h1651
=CAT  \\$a10902$b40$c20050511$lBLL01$h1653
=CAT  \\$a11281$b40$c20050512$lBLL01$h1418
=CAT  \\$a11278$b40$c20050512$lBLL01$h1600
=CAT  \\$aBATCH-UPD$b40$c20070912$lBLL01$h2022
=CAT  \\$aBATCH$b00$c20080505$lBLL01$h1320
=CAT  \\$aBATCH$b00$c20090624$lBLL01$h1700
=CAT  \\$aWR10_184$c20101208$lBLL01$h1635
=CAT  \\$aWR12-140$c20121030$lBLL01$h1049
=CAT  \\$aWR13.144/5$c20140418$lBLL01$h0931
=FIN  \\$aY$d20050512
=DRT  \\$aVDEP
=STA  \\$aSUPPRESSED$bWR10_184
=LAS  \\$aWR13.144/5$b00$c20140418$lBLL01$h0931

