=LDR  02318 am a2200601 a 4500
=001  013197053
=003  Uk
=005  20050708144945.0
=006  m\\\\|\\\d\|\\\\\\
=007  cr||||||||||||
=008  050512s2005\\\\enk||||\s||||\00|\0\eng\\
=FMT  \\$a  BK
=015  \\$aGBA551968$2bnb
=040  \\$aUk$beng$cUk
=042  \\$aukblsr
=082  04$a331.119164794095125$222
=100  1\$aWarner, Malcolm.
=245  10$aEpidemics, labour-markets and unemployment$h[electronic resource] :$bthe impact of SARS on human resources management in Hong Kong /$cM. Warner & G.O.M. Lee.
=260  \\$aCambridge :$bJudge Institute of Management, University of Cambridge,$c2005.
=336  \\$atext$2rdacontent
=337  \\$acomputer$2rdamedia
=338  \\$aonline resource$2rdacarrier
=490  0\$aResearch papers in management studies ;$vWP 03/2005
=538  \\$aMode of access: World Wide Web.
=538  \\$aSystem requirements: Adobe Acrobat Reader.
=500  \\$aTitle from PDF title page.
=516  \\$aPDF format.
=650  \0$aSARS (Disease)$xEconomic aspects$zChina$zHong Kong.
=650  \0$aHospitality industry$zChina$zHong Kong.
=650  \0$aHotels$xEmployees$xSupply and demand$zChina$zHong Kong.
=650  \0$aLabor market$zChina$zHong Kong.
=650  \0$aUnemployment$zChina$zHong Kong.
=651  \0$aHong Kong (China)$xEconomic conditions.
=690  7\$aManagement and Business Studies$2blcoll
=700  1\$aLee, Grace O. M.
=710  2\$aJudge Institute of Management Studies.
=856  4\$uhttp://www.jims.cam.ac.uk/research/ working_papers/abstract_05/wp0503.pdf
=852  41$aBritish Library$bHMNTS$j357073$cDRT
=CAT  \\$a7750$b40$c20050512$lBLL01$h1123
=CAT  \\$a7750$b40$c20050512$lBLL01$h1126
=CAT  \\$a8141$b40$c20050621$lBLL01$h0955
=CAT  \\$a5194$b40$c20050708$lBLL01$h1449
=CAT  \\$aBATCH-UPD$b40$c20070912$lBLL01$h2022
=CAT  \\$aBATCH$b00$c20080505$lBLL01$h1320
=CAT  \\$aBATCH$b00$c20090624$lBLL01$h1700
=CAT  \\$aWR10_184$c20101208$lBLL01$h1635
=CAT  \\$aWR12-140$c20121030$lBLL01$h1049
=CAT  \\$aWR13.144/5$c20140418$lBLL01$h0931
=CAT  \\$aBATCH-UPD$b00$c20170701$lBLL01$h1820
=FIN  \\$aY$d20050621
=DRT  \\$aVDEP
=STA  \\$aSUPPRESSED$bWR10_184
=LAS  \\$aBATCH-UPD$b00$c20170701$lBLL01$h1820

