=LDR  01678 am a2200481 a 4500
=001  013203623
=003  Uk
=005  20050616094011.0
=006  m\\\\|\\\d\|\\\\\\
=007  cr||||||||||||
=008  050523s2004\\\\enk||||\s||||\00|\0\eng\\
=FMT  \\$a  BK
=015  \\$aGBA549798$2bnb
=020  \\$a0954415841 :$cNo price
=040  \\$aUk$beng$cUk
=042  \\$aukblsr
=082  04$a641.6$222
=100  1\$aJumbalaya, Johnny
=245  14$aThe fast wild food cookbook$h[electronic resource] :$bquick or easy wild food recipes from the cooking pots of the Wild Food School /$cJohnny Jumbalaya.
=260  \\$a[Great Britain] :$bJohnny Jumbalaya,$c2004.
=336  \\$atext$2rdacontent
=337  \\$acomputer$2rdamedia
=338  \\$aonline resource$2rdacarrier
=538  \\$aSystem requirements: Adobe Acrobat Reader.
=500  \\$aTitle from PDF title page (viewed on 13 June, 2005)
=516  \\$aPDF format.
=650  \0$aCooking (Wild foods)
=650  \0$aWild plants, Edible.
=856  40$uhttp://www.countrylovers.co.uk/wildfoodjj/fastfood.pdf
=852  41$aBritish Library$bHMNTS$j374321$cDRT
=CAT  \\$a7750$b40$c20050523$lBLL01$h1111
=CAT  \\$a8141$b40$c20050616$lBLL01$h0757
=CAT  \\$a8141$b40$c20050616$lBLL01$h0940
=CAT  \\$aBATCH-UPD$b40$c20070912$lBLL01$h2022
=CAT  \\$aBATCH$b00$c20080505$lBLL01$h1320
=CAT  \\$aWR10_184$c20101208$lBLL01$h1635
=CAT  \\$a9081$b40$c20110712$lBLL01$h1147
=CAT  \\$aWR12-140$c20121030$lBLL01$h1049
=CAT  \\$aWR13.144/5$c20140418$lBLL01$h0931
=FIN  \\$aY$d20050613
=DRT  \\$aVDEP
=STA  \\$aSUPPRESSED$bWR10_184
=LAS  \\$aWR13.144/5$b00$c20140418$lBLL01$h0931

