=LDR  01887 am a2200529 a 4500
=001  013204439
=003  Uk
=005  20050524144501.0
=006  m\\\\|\\\d\|\\\\\\
=007  cr||||||||||||
=008  050524s2005\\\\wlk||||\s||||\00|\0\eng\\
=FMT  \\$a  BK
=015  \\$aGBA543338$2bnb
=020  \\$cNo price
=040  \\$aUk$beng$cUk
=042  \\$aukblsr
=082  04$a378.013$222
=100  1\$aCanter, M. R.$q(Michael R.)
=245  10$aFoundation degrees$h[electronic resource] :$bthe development of best practice /$cMike Canter.
=260  \\$aCardiff :$bCentre for Education in the Built Environment,$c2005.
=336  \\$atext$2rdacontent
=337  \\$acomputer$2rdamedia
=338  \\$aonline resource$2rdacarrier
=490  1\$aCEBE working paper series ;$vno. 7
=538  \\$aMode of access: World Wide Web.
=538  \\$aSystem requirements: Adobe Acrobat Reader.
=500  \\$aTitle from p.1 of PDF file.
=516  \\$aPDF format.
=650  \0$aVocational qualifications$zGreat Britain.
=650  \0$aDegrees, Academic$zGreat Britain.
=710  2\$aCentre for Education in the Built Environment.
=856  40$uhttp://www.cebe.heacademy.ac.uk/publications/workpapers/pdf/WorkingPaper_07.pdf
=830  \0$aCEBE working paper series ;$vno. 7
=852  41$aBritish Library$bHMNTS$j376538$cDRT
=CAT  \\$a7750$b40$c20050524$lBLL01$h1101
=CAT  \\$a7750$b40$c20050524$lBLL01$h1105
=CAT  \\$a8141$b40$c20050524$lBLL01$h1445
=CAT  \\$aBATCH-UPD$b40$c20070912$lBLL01$h2022
=CAT  \\$aBATCH$b00$c20080505$lBLL01$h1320
=CAT  \\$aBATCH$b00$c20091217$lBLL01$h0352
=CAT  \\$aWR10_184$c20101208$lBLL01$h1635
=CAT  \\$aWR12-140$c20121030$lBLL01$h1049
=CAT  \\$aWR13.144/5$c20140418$lBLL01$h0931
=FIN  \\$aY$d20050524
=DRT  \\$aVDEP
=STA  \\$aSUPPRESSED$bWR10_184
=LAS  \\$aWR13.144/5$b00$c20140418$lBLL01$h0931

