=LDR  02121cam a2200565 a 4500
=001  013204478
=003  Uk
=005  20050527144011.0
=006  m\\\\|\\\d\|\\\\\\
=007  cr||||||||||||
=008  050524s2005\\\\enk||||\s||||\00|\0\eng\\
=FMT  \\$a  BK
=015  \\$aGBA545478$2bnb
=020  \\$cNo price
=040  \\$aUk$beng$cUk
=042  \\$aukblsr
=082  04$a372.210941$222
=100  1\$aSharp, Caroline,$d1957-
=245  10$aAge of starting school and the early years curriculum$h[electronic resource] /$cCaroline Sharp.
=260  \\$a[Slough] :$bNFER,$c[2005?].
=336  \\$atext$2rdacontent
=337  \\$acomputer$2rdamedia
=338  \\$aonline resource$2rdacarrier
=538  \\$aMode of access: World Wide Web.
=538  \\$aSystem requirements: IBM compatible PC; Windows; Adobe Acrobat Reader.
=500  \\$aTitle from PDF title page (viewed on 27 May, 2005)
=516  \\$aPDF format.
=500  \\$aPaper prepared for the NFER's annual conference, London, 6 October, 1998.
=650  \0$aSchool age (Entrance age)$zGreat Britain.
=650  \0$aEarly childhood education$zGreat Britain.
=690  7\$aSocial Welfare$2blcoll
=710  2\$aNational Foundation for Educational Research in England and Wales.
=856  40$uhttp://www.nfer.ac.uk/publications/other-publications/conference-papers/pdf_docs/AGMearly.PDF
=852  41$aBritish Library$bHMNTS$j376516$cDRT
=CAT  \\$a7750$b40$c20050524$lBLL01$h1113
=CAT  \\$a8141$b40$c20050527$lBLL01$h1427
=CAT  \\$a8141$b40$c20050527$lBLL01$h1429
=CAT  \\$a8141$b40$c20050527$lBLL01$h1440
=CAT  \\$aBATCH-UPD$b40$c20070912$lBLL01$h2022
=CAT  \\$aBATCH$b00$c20080505$lBLL01$h1320
=CAT  \\$aWR10_184$c20101208$lBLL01$h1635
=CAT  \\$aBATCH$b00$c20110625$lBLL01$h0514
=CAT  \\$aBATCH-SWP4$c20110627$lBLL01$h1556
=CAT  \\$aWR12-140$c20121030$lBLL01$h1049
=CAT  \\$aWR13.144/5$c20140418$lBLL01$h0931
=CAT  \\$aBATCH-UPD$b00$c20220114$lBLL01$h2155
=FIN  \\$aY$d20050527
=DRT  \\$aVDEP
=STA  \\$aSUPPRESSED$bWR10_184
=LAS  \\$aBATCH-UPD$b00$c20220114$lBLL01$h2155

