=LDR  01954 am a2200529 a 4500
=001  013208508
=003  Uk
=005  20050617143806.0
=006  m\\\\|\\\d\|\\\\\\
=007  cr||||||||||||
=008  050527s2004\\\\enk\\\\\s\\\\\000\0\eng\\
=FMT  \\$a  BK
=015  \\$aGBA549860$2bnb
=040  \\$aUk$beng$cUk
=042  \\$aukblsr
=082  04$a378.1982$222
=100  1\$aShaw, Melissa.
=245  14$aThe national review of emerging practice on the use of personal development planning for postgraduate researchers.$h[electronic resource] /[prepared and written by Melissa Shaw, Tim Brown and Ellen Pearce].
=260  \\$aCambridge :$bThe UK GRAD programme,$cc2004.
=336  \\$atext$2rdacontent
=337  \\$acomputer$2rdamedia
=338  \\$aonline resource$2rdacarrier
=538  \\$aMode of access: Internet.
=538  \\$aSystem requirements: IBM compatible PC; Windows; Adobe Acrobat Reader.
=500  \\$aTitle from PDf title screen.
=516  \\$aPDF format.
=650  \0$aCollege student development programs$zGreat Britain.
=650  \0$aPortfolios in education.
=700  1\$aBrown, Tim,$d1976-
=700  1\$aPearce, Ellen.
=710  2\$aUK GRAD Programme.
=710  2\$aNational Postgraduate Committee (Great Britain)
=856  40$uhttp://www.recordingachievement.org/downloads/FINALUKGRADREPORT.pdf
=852  41$aBritish Library$bHMNTS$j376587$cDRT
=CAT  \\$a7750$b40$c20050527$lBLL01$h0816
=CAT  \\$a7332$b40$c20050613$lBLL01$h1246
=CAT  \\$a7332$b40$c20050616$lBLL01$h1553
=CAT  \\$a5194$b40$c20050617$lBLL01$h1438
=CAT  \\$aBATCH-UPD$b40$c20070912$lBLL01$h2022
=CAT  \\$aBATCH$b00$c20080505$lBLL01$h1320
=CAT  \\$aWR10_184$c20101208$lBLL01$h1635
=CAT  \\$aWR12-140$c20121030$lBLL01$h1049
=CAT  \\$aWR13.144/5$c20140418$lBLL01$h0931
=FIN  \\$aY$d20050613
=DRT  \\$aVDEP
=STA  \\$aSUPPRESSED$bWR10_184
=LAS  \\$aWR13.144/5$b00$c20140418$lBLL01$h0931

