=LDR  01931 am a2200553 a 4500
=001  013208515
=003  Uk
=005  20050527112327.0
=006  m\\\\|\\\d\|\\\\\\
=007  cr|bn\|||a||||
=008  050527s2003\\\\enk\\\\\s\\\\\000\0\eng\\
=FMT  \\$a  BK
=015  \\$aGBA545428$2bnb
=020  \\$cNo price
=040  \\$aUk$beng$cUk
=042  \\$aukblsr
=082  04$a372.1102$222
=100  1\$aLe Métais, Joanna.
=245  10$aInternational trends in primary education$h[electronic resource] /$cJoanna Le Métais.
=260  \\$aLondon :$bQualifications and Curriculum Authority,$c2003.
=336  \\$atext$2rdacontent
=337  \\$acomputer$2rdamedia
=338  \\$aonline resource$2rdacarrier
=490  1\$aINCA thematic study ;$vno. 9
=538  \\$aMode of access: World Wide Web.
=538  \\$aSystem requirements: IBM compatible PC; Windows; Adobe Acrobat Reader.
=500  \\$aTitle from PDF title page (viewed on 27 May, 2005)
=516  \\$aPDF format.
=650  \0$aElementary school teaching.
=650  \0$aEducation, Elementary.
=650  \0$aElementary schools.
=650  \0$aEducation, Primary.
=710  2\$aQualifications and Curriculum Authority (Great Britain)
=856  40$uhttp://www.inca.org.uk/pdf/thematic_study_9.pdf
=830  \0$aINCA thematic study ;$vno. 9
=852  41$aBritish Library$bHMNTS$j376572$cDRT
=CAT  \\$a7750$b40$c20050527$lBLL01$h0830
=CAT  \\$a7750$b40$c20050527$lBLL01$h0831
=CAT  \\$a7332$b40$c20050527$lBLL01$h1123
=CAT  \\$aBATCH-UPD$b40$c20070912$lBLL01$h2022
=CAT  \\$aBATCH$b00$c20080505$lBLL01$h1320
=CAT  \\$aBATCH$b00$c20091217$lBLL01$h0352
=CAT  \\$aWR10_184$c20101208$lBLL01$h1635
=CAT  \\$aWR12-140$c20121030$lBLL01$h1049
=CAT  \\$aWR13.144/5$c20140418$lBLL01$h0931
=FIN  \\$aY$d20050527
=DRT  \\$aVDEP
=STA  \\$aSUPPRESSED$bWR10_184
=LAS  \\$aWR13.144/5$b00$c20140418$lBLL01$h0931

