=LDR  02251 am a2200589 a 4500
=001  013208549
=003  Uk
=005  20051031112920.0
=006  m\\\\|\\\d\|\\\\\\
=007  cr||||||||||||
=008  050527s2005\\\\enk||||\s||||\00|\0\eng\\
=FMT  \\$a  BK
=040  \\$aUk$beng$cUk
=042  \\$aukblsr
=082  04$a378.17344678$222
=245  00$aHEFCE strategy for e-learning$h[electronic resource].
=260  \\$a[Bristol] :$bHigher Education Funding Council for England,$c2005.
=336  \\$atext$2rdacontent
=337  \\$acomputer$2rdamedia
=338  \\$aonline resource$2rdacarrier
=538  \\$aMode of access: World Wide Web.
=538  \\$aSystem requirements: IBM compatible PC; Windows; Microsoft Word.
=500  \\$aTitle from Word document title page (viewed on 27 May, 2005)
=516  \\$aWord for Windows format.
=530  \\$aAlso available in PDF format.
=500  \\$aPublisher's no.: 2005/12.
=650  \0$aEducation, Higher$zGreat Britain$xComputer network resources.
=650  \0$aInternet in education$zGreat Britain.
=650  \0$aTelecommunication in higher education.
=650  \0$aEducational technology$xManagement.
=650  \0$aEducational planning$zGreat Britain.
=710  2\$aHigher Education Funding Council for England.
=710  2\$aJoint Information Systems Committee.
=710  2\$aHigher Education Academy (Great Britain)
=856  40$uhttp://www.hefce.ac.uk/pubs/hefce/2005/05_12/05_12.doc
=856  40$uhttp://www.hefce.ac.uk/pubs/hefce/2005/05_12/05_12.pdf
=852  41$aBritish Library$bHMNTS$cDRT$j376539
=CAT  \\$a7750$b40$c20050527$lBLL01$h0906
=CAT  \\$a8141$b40$c20050527$lBLL01$h1301
=CAT  \\$a8141$b40$c20050527$lBLL01$h1428
=CAT  \\$a11249$b40$c20051031$lBLL01$h1129
=CAT  \\$aBATCH-UPD$b40$c20070912$lBLL01$h2022
=CAT  \\$aBATCH$b00$c20080505$lBLL01$h1320
=CAT  \\$aBATCH-UPD$b00$c20100804$lBLL01$h1147
=CAT  \\$aWR10_184$c20101208$lBLL01$h1635
=CAT  \\$aWR12-140$c20121030$lBLL01$h1049
=CAT  \\$aWR13.144/5$c20140418$lBLL01$h0931
=CAT  \\$aBATCH-UPD$b00$c20181119$lBLL01$h2121
=FIN  \\$aY$d20050527
=DRT  \\$aVDEP
=STA  \\$aSUPPRESSED$bWR10_184
=LAS  \\$aBATCH-UPD$b00$c20181119$lBLL01$h2121

