=LDR  01764 am a2200493 a 4500
=001  013222709
=003  Uk
=005  20050621142558.0
=006  m\\\\|\\\d\|\\\\\\
=007  cr||||||||||||
=008  050616s2002\\\\enk||||\s||||o00|\0\eng\\
=FMT  \\$a  BK
=015  \\$aGBA552029$2bnb
=020  \\$cNo price
=040  \\$aUk$beng$cUk
=042  \\$aukblsr
=082  04$a323.4209416$222
=245  00$aEquality scheme$h[electronic resource] :$bsection 75 Northern Ireland Act 1998 ; executive summary.
=260  \\$a[London] :$bDepartment of Trade and Industry,$c2002.
=336  \\$atext$2rdacontent
=337  \\$acomputer$2rdamedia
=338  \\$aonline resource$2rdacarrier
=538  \\$aMode of access: World Wide Web.
=538  \\$aSystem requirements: Adobe Acrobat Reader.
=500  \\$aTitle from PDF title page.
=516  \\$aPDF format.
=500  \\$aURN 01/1734.
=610  10$aGreat Britain.$tNorthern Ireland Act 1988.
=650  \0$aEquality$xGovernment policy$zNorthern Ireland.
=710  1\$aGreat Britain.$bDepartment of Trade and Industry.
=856  40$uhttp://www.dti.gov.uk/niequality/pdfs/nies_exec.pdf?pubpdfdload=01%2F1734
=852  41$aBritish Library$bHMNTS$j376531$cDRT
=985  \\$aRecord amended for WR# 13/070
=CAT  \\$a10902$b40$c20050616$lBLL01$h1143
=CAT  \\$a10902$b40$c20050616$lBLL01$h1145
=CAT  \\$a8141$b40$c20050621$lBLL01$h1425
=CAT  \\$aBATCH$b00$c20080505$lBLL01$h1320
=CAT  \\$aWR13_070$b00$c20130504$lBLL01$h0240
=CAT  \\$aWR13.144/5$c20140418$lBLL01$h0931
=CAT  \\$aW1711-1225$c20171203$lBLL01$h1021
=FIN  \\$aY$d20050621
=DRT  \\$aVDEP
=STA  \\$aSUPPRESSED$bunable to determine reason for suppression
=LAS  \\$aW1711-1225$b00$c20171203$lBLL01$h1021

