=LDR  02457 am a2200625 a 4500
=001  013222769
=003  Uk
=005  20050617150436.0
=006  m\\\\|\\\d\|\\\\\\
=007  cr||||||||||||
=008  050616s2005\\\\enk||||\s||||\00|\0\eng\\
=FMT  \\$a  BK
=015  \\$aGBA551815$2bnb
=020  \\$a0954796896
=040  \\$aUk$beng$cUk
=042  \\$aukblsr
=082  04$a362.70830941$222
=245  00$aReaching out to pregnant teenagers and teenage parents$h[electronic resource] :$binnovative practice from Sure Start Plus pilot programmes /$cMary Sawtell ... [et al.].
=260  \\$aLondon :$bSocial Science Research Unit, Institute of Education, University of London,$c2005.
=336  \\$atext$2rdacontent
=337  \\$acomputer$2rdamedia
=338  \\$aonline resource$2rdacarrier
=538  \\$aMode of access: World Wide Web.
=538  \\$aSystem requirements: Adobe Acrobat Reader.
=500  \\$aTitle from PDF title page (viewed on 17 June, 2005)
=516  \\$aPDF format.
=690  7\$aSocial Welfare$2blcoll
=610  20$aSure Start Plus (Programme)
=650  \0$aPregnant schoolgirls$xGovernment policy$zGreat Britain.
=650  \0$aPregnant schoolgirls$xServices for$zGreat Britain.
=650  \0$aTeenage parents$xGovernment policy$zGreat Britain.
=650  \0$aTeenage parents$xServices for$zGreat Britain.
=700  1\$aSawtell, Mary.
=710  1\$aGreat Britain.$bDepartment for Education and Skills.
=710  2\$aUniversity of London.$bSocial Science Research Unit.
=856  40$uhttp://www.dfes.gov.uk/research/data/uploadfiles/Reachingout.pdf
=852  41$aBritish Library$bHMNTS$j376579$cDRT
=985  \\$aRecord amended for WR# 13/070
=CAT  \\$a7750$b40$c20050616$lBLL01$h1222
=CAT  \\$a8141$b40$c20050617$lBLL01$h1330
=CAT  \\$a8141$b40$c20050617$lBLL01$h1447
=CAT  \\$a5194$b40$c20050617$lBLL01$h1504
=CAT  \\$aBATCH-UPD$b40$c20070912$lBLL01$h2022
=CAT  \\$aBATCH$b00$c20080505$lBLL01$h1320
=CAT  \\$aWR10_184$c20101208$lBLL01$h1635
=CAT  \\$aBATCH$b00$c20110625$lBLL01$h0514
=CAT  \\$aBATCH-SWP4$c20110627$lBLL01$h1556
=CAT  \\$aWR12-140$c20121030$lBLL01$h1049
=CAT  \\$aWR13_070$b00$c20130504$lBLL01$h0240
=CAT  \\$aWR13.144/5$c20140418$lBLL01$h0931
=CAT  \\$aBATCH-UPD$b00$c20150619$lBLL01$h2130
=FIN  \\$aY$d20050617
=DRT  \\$aVDEP
=STA  \\$aSUPPRESSED$bWR10_184
=LAS  \\$aBATCH-UPD$b00$c20150619$lBLL01$h2130

