=LDR  02343 am a2200649 a 4500
=001  013225183
=003  Uk
=005  20050713105028.0
=006  m\\\\|\\\d\|\\\\\\
=007  cr||||||||||||
=008  050621s2005\\\\enk||||\s||||\00|\0\eng\\
=FMT  \\$a  BK
=015  \\$aGBA553235$2bnb
=020  \\$cNo price
=040  \\$aUk$beng$cUk
=042  \\$aukblsr
=082  04$a362.6$222
=100  1\$aBayer, Steffen.
=245  10$aAssessing the impact of a care innovation$h[electronic resource] :$btelecare /$cSteffen Bayer, James Barlow, Richard Curry.
=260  \\$aLondon :$bTanaka Business School,$c2005.
=336  \\$atext$2rdacontent
=337  \\$acomputer$2rdamedia
=338  \\$aonline resource$2rdacarrier
=490  1\$aTanaka Business School discussion papers,$x1744-6783 ;$vTBS/DP05/38
=538  \\$aMode of access: World Wide Web.
=538  \\$aSystem requirements: Adobe Acrobat Reader.
=500  \\$aTitle from PDF title page (viewed on 22 June, 2005)
=516  \\$aPDF format.
=650  \0$aTelecommunication in medicine.
=650  \0$aOlder people$xHome care.
=650  \0$aOlder people$xCare.
=650  \0$aOlder people$xServices for
=690  7\$aSocial Welfare$2blcoll
=700  1\$aBarlow, James,$d1957-
=700  1\$aCurry, Richard.
=710  2\$aTanaka Business School.
=856  40$uhttp://www3.imperial.ac.uk/pls/portallive/docs/1/43011.PDF
=830  \0$aTanaka Business School discussion papers,$x1744-6783 ;$vTBS/DP05/38
=852  41$aBritish Library$bHMNTS$j376360$cDRT
=CAT  \\$a7750$b40$c20050621$lBLL01$h1536
=CAT  \\$a7750$b40$c20050621$lBLL01$h1537
=CAT  \\$a8141$b40$c20050622$lBLL01$h1622
=CAT  \\$a11278$b40$c20050627$lBLL01$h0954
=CAT  \\$a11278$b40$c20050713$lBLL01$h1050
=CAT  \\$aBATCH-UPD$b40$c20070912$lBLL01$h2022
=CAT  \\$aBATCH$b00$c20080505$lBLL01$h1320
=CAT  \\$aBATCH-UPD$b00$c20091006$lBLL01$h1612
=CAT  \\$aBATCH$b00$c20091217$lBLL01$h0354
=CAT  \\$aWR10_184$c20101208$lBLL01$h1635
=CAT  \\$aBATCH$b00$c20110625$lBLL01$h0514
=CAT  \\$aBATCH-SWP4$c20110627$lBLL01$h1556
=CAT  \\$aWR12-140$c20121030$lBLL01$h1049
=CAT  \\$aWR13.144/5$c20140418$lBLL01$h0931
=FIN  \\$aY$d20050622
=DRT  \\$aVDEP
=STA  \\$aSUPPRESSED$bWR10_184
=LAS  \\$aWR13.144/5$b00$c20140418$lBLL01$h0931

