=LDR  02264 am a2200625 a 4500
=001  013225193
=003  Uk
=005  20050627152910.0
=006  m\\\\|\\\d\|\\\\\\
=007  cr||||||||||||
=008  050621s2005\\\\enk||||\s||||\00|\0\eng\\
=FMT  \\$a  BK
=015  \\$aGBA553779$2bnb
=020  \\$cNo price
=040  \\$aUk$beng$cUk
=042  \\$aukblsr
=082  04$a658.404011$222
=100  1\$aBayer, Steffen.
=245  10$aBalancing work$h[electronic resource] :$bbidding strategies and workload dynamics in a project-based professional service organisation /$cSteffen Bayer, David M. Gann, Ammon J. Salter.
=260  \\$aLondon :$bTanaka Business School,$c2005.
=336  \\$atext$2rdacontent
=337  \\$acomputer$2rdamedia
=338  \\$aonline resource$2rdacarrier
=490  0\$aTanaka Business School discussion papers,$x1744-6783 ;$vTBS/DP05/37
=538  \\$aMode of access: World Wide Web.
=538  \\$aSystem requirements: Adobe Acrobat Reader.
=500  \\$aTitle from PDF title page (viewed on 27 June, 2005)
=516  \\$aPDF format.
=650  \0$aProject management.
=650  \0$aProfessional employees$xWorkload.
=650  \0$aLetting of contracts.
=650  \0$aResource allocation.
=650  \0$aSystem analysis.
=690  7\$aManagement and Business Studies$2blcoll
=700  1\$aGann, David.
=700  1\$aSalter, Ammon J.
=710  2\$aTanaka Business School.
=856  40$uhttp://www3.imperial.ac.uk/pls/portallive/docs/1/43008.PDF
=852  41$aBritish Library$bHMNTS$j376362$cDRT
=CAT  \\$a7750$b40$c20050621$lBLL01$h1542
=CAT  \\$a7750$b40$c20050621$lBLL01$h1543
=CAT  \\$a8141$b40$c20050627$lBLL01$h1208
=CAT  \\$a8141$b40$c20050627$lBLL01$h1529
=CAT  \\$aBATCH-UPD$b40$c20070912$lBLL01$h2022
=CAT  \\$aBATCH$b00$c20080505$lBLL01$h1320
=CAT  \\$aBATCH$b00$c20090624$lBLL01$h1701
=CAT  \\$aBATCH-UPD$b00$c20091006$lBLL01$h1612
=CAT  \\$aWR10_184$c20101208$lBLL01$h1635
=CAT  \\$aWR12-140$c20121030$lBLL01$h1049
=CAT  \\$aWR13.144/5$c20140418$lBLL01$h0931
=CAT  \\$aBATCH-UPD$b00$c20180905$lBLL01$h1551
=FIN  \\$aY$d20050627
=DRT  \\$aVDEP
=STA  \\$aSUPPRESSED$bWR10_184
=LAS  \\$aBATCH-UPD$b00$c20180905$lBLL01$h1551

