=LDR  02150cam a2200589 a 4500
=001  013225208
=003  Uk
=005  20050623101543.0
=006  m\\\\|\\\d\|\\\\\\
=007  cr||||||||||||
=008  050621s2005\\\\enk\\\\\s\\\\\000\0\eng\\
=FMT  \\$a  BK
=015  \\$aGBA553247$2bnb
=040  \\$aUk$beng$cUk
=042  \\$aukblsr
=082  04$a330.1$222
=100  10$aDriver, Ciaran.
=245  10$aIdentifying externalities in UK manufacturing using direct estimation of an average cost function$h[electronic resource] /$cCiaran Driver, Paul Temple, Giovanni Urga.
=260  \\$aLondon :$bTanaka Business School,$c2005.
=336  \\$atext$2rdacontent
=337  \\$acomputer$2rdamedia
=338  \\$aonline resource$2rdacarrier
=490  0\$aTanaka Business School discussion papers,$x1744-6783 ;$vTBS/DP05/34
=538  \\$aMode of access: World Wide Web.
=538  \\$aSystem requirements: Adobe Acrobat Reader.
=500  \\$aTitle from PDF title page (viewed on 23 June, 2005)
=516  \\$aPDF format.
=650  \0$aExternalities (Economics)
=650  \0$aCost.
=650  \0$aManufacturing industries$zGreat Britain.
=690  7\$aManagement and Business Studies$2blcoll
=700  1\$aTemple, Paul,$d1952-
=700  1\$aUrga, Giovanni.
=710  2\$aTanaka Business School.
=856  40$uhttp://www3.imperial.ac.uk/pls/portallive/docs/1/43003.PDF
=852  41$aBritish Library$bHMNTS$j376371$cDRT
=CAT  \\$a7750$b40$c20050621$lBLL01$h1548
=CAT  \\$a7750$b40$c20050621$lBLL01$h1549
=CAT  \\$a7332$b40$c20050623$lBLL01$h0904
=CAT  \\$a7332$b40$c20050623$lBLL01$h1015
=CAT  \\$aBATCH-UPD$b40$c20070912$lBLL01$h2022
=CAT  \\$aBATCH$b00$c20080505$lBLL01$h1320
=CAT  \\$aBATCH$b00$c20090624$lBLL01$h1701
=CAT  \\$aBATCH-UPD$b00$c20091006$lBLL01$h1612
=CAT  \\$aWR10_184$c20101208$lBLL01$h1635
=CAT  \\$aWR12-140$c20121030$lBLL01$h1049
=CAT  \\$aWR13.144/5$c20140418$lBLL01$h0931
=CAT  \\$aBATCH-UPD$b00$c20220130$lBLL01$h2210
=FIN  \\$aY$d20050623
=DRT  \\$aVDEP
=STA  \\$aSUPPRESSED$bWR10_184
=LAS  \\$aBATCH-UPD$b00$c20220130$lBLL01$h2210

