=LDR  02138 am a2200577 a 4500
=001  013225217
=003  Uk
=005  20050711100720.0
=006  m\\\\|\\\d\|\\\\\\
=007  cr||||||||||||
=008  050621s2005\\\\enk||||\s||||\00|\0\eng\\
=FMT  \\$a  BK
=015  \\$aGBA553913$2bnb
=040  \\$aUk$beng$cUk
=042  \\$aukblsr
=082  04$a331.50941$222
=100  1\$aMorris, S.$q(Stephen),$d1971-
=245  10$aBody mass index and occupational attainment$h[electronic resource] /$cStephen Morris.
=260  \\$aLondon :$bTanaka Business School,$c2005.
=336  \\$atext$2rdacontent
=337  \\$acomputer$2rdamedia
=338  \\$aonline resource$2rdacarrier
=490  0\$aTanaka Business School discussion papers,$x1744-6783 ;$vTBS/DP05/41
=538  \\$aMode of access: World Wide Web.
=538  \\$aSystem requirements: Adobe Acrobat Reader.
=500  \\$aTitle from p. 2 of PDF file (viewed on 28 June, 2005)
=516  \\$aPDF format.
=650  \0$aWages$xOverweight persons$zGreat Britain$xEconometric models.
=650  \0$aOverweight persons$xEmployment$zGreat Britain$vStatistics.
=690  7\$aManagement and Business Studies$2blcoll
=690  7\$aSocial Welfare$2blcoll
=710  2\$aTanaka Business School.
=856  40$uhttp://www3.imperial.ac.uk/pls/portallive/docs/1/49139.PDF
=852  41$aBritish Library$bHMNTS$j376363$cDRT
=CAT  \\$a7750$b40$c20050621$lBLL01$h1554
=CAT  \\$a7750$b40$c20050621$lBLL01$h1555
=CAT  \\$a8141$b40$c20050628$lBLL01$h1314
=CAT  \\$a5194$b44$c20050711$lBLL01$h1007
=CAT  \\$aBATCH-UPD$b44$c20070912$lBLL01$h2022
=CAT  \\$aBATCH$b00$c20080505$lBLL01$h1320
=CAT  \\$aBATCH$b00$c20090624$lBLL01$h1701
=CAT  \\$aBATCH-UPD$b00$c20091006$lBLL01$h1612
=CAT  \\$aWR10_184$c20101208$lBLL01$h1635
=CAT  \\$aBATCH$b00$c20110625$lBLL01$h0514
=CAT  \\$aBATCH-SWP4$c20110627$lBLL01$h1556
=CAT  \\$aWR12-140$c20121030$lBLL01$h1049
=CAT  \\$aWR13.144/5$c20140418$lBLL01$h0931
=FIN  \\$aY$d20050628
=DRT  \\$aVDEP
=STA  \\$aSUPPRESSED$bWR10_184
=LAS  \\$aWR13.144/5$b00$c20140418$lBLL01$h0931

