=LDR  02238cam a2200613 a 4500
=001  013226349
=003  Uk
=005  20050708160242.0
=006  m\\\\|\\\d\|\\\\\\
=007  cr||||||||||||
=008  050622s2005\\\\enk||||\s||||\00|\0\eng\\
=FMT  \\$a  BK
=015  \\$aGBA553176$2bnb
=020  \\$cNo price
=040  \\$aUk$beng$cUk
=042  \\$aukblsr
=082  04$a362.1969947700941$222
=100  1\$aMorris, S.$q(Stephen),$d1971-
=245  10$aCost of skin cancer in England$h[electronic resource] /$cS. Morris, B. Cox and N. Bosanquet.
=260  \\$aLondon :$bTanaka Business School,$c2005.
=336  \\$atext$2rdacontent
=337  \\$acomputer$2rdamedia
=338  \\$aonline resource$2rdacarrier
=490  1\$aTanaka Business School discussion papers,$x1744-6783 ;$vTBS/DP05/39
=538  \\$aMode of access: World Wide Web.
=538  \\$aSystem requirements: Adobe Acrobat Reader.
=500  \\$aTitle from PDF title page (viewed on 22 June, 2005)
=516  \\$aPDF format.
=650  \0$aSkin$xCancer$xEconomic aspects$zGreat Britain.
=690  7\$aSocial Welfare$2blcoll
=700  1\$aCox, B.$q(Benita).
=700  1\$aBosanquet, Nicholas.
=710  2\$aTanaka Business School.
=856  40$uhttp://www3.imperial.ac.uk/pls/portallive/docs/1/43013.PDF
=830  \0$aTanaka Business School discussion papers,$x1744-6783 ;$vTBS/DP05/39
=852  41$aBritish Library$bHMNTS$j376364$cDRT
=CAT  \\$a7750$b40$c20050622$lBLL01$h0755
=CAT  \\$a7750$b40$c20050622$lBLL01$h0757
=CAT  \\$a8141$b40$c20050622$lBLL01$h1124
=CAT  \\$a5194$b40$c20050708$lBLL01$h1602
=CAT  \\$aBATCH-UPD$b40$c20070912$lBLL01$h2022
=CAT  \\$aBATCH$b00$c20080505$lBLL01$h1320
=CAT  \\$aBATCH-UPD$b00$c20091006$lBLL01$h1612
=CAT  \\$aBATCH$b00$c20091217$lBLL01$h0354
=CAT  \\$aWR10_184$c20101208$lBLL01$h1635
=CAT  \\$aBATCH$b00$c20110625$lBLL01$h0514
=CAT  \\$aBATCH-SWP4$c20110627$lBLL01$h1556
=CAT  \\$aWR12-140$c20121030$lBLL01$h1049
=CAT  \\$aWR13.144/5$c20140418$lBLL01$h0931
=CAT  \\$aBATCH-UPD$b00$c20220130$lBLL01$h2210
=FIN  \\$aY$d20050622
=DRT  \\$aVDEP
=STA  \\$aSUPPRESSED$bWR10_184
=LAS  \\$aBATCH-UPD$b00$c20220130$lBLL01$h2210

