=LDR  02466cam a2200661 a 4500
=001  013226352
=003  Uk
=005  20050711100043.0
=006  m\\\\|\\\d\|\\\\\\
=007  cr||||||||||||
=008  050622s2004\\\\enk||||\s||||\00|\0\eng\\
=FMT  \\$a  BK
=015  \\$aGBA553813$2bnb
=020  \\$cNo price
=040  \\$aUk$beng$cUk
=042  \\$aukblsr
=082  04$a658.00715$222
=100  1\$aGriffiths, Dorothy S.
=245  10$aLearning shock$h[electronic resource] :$bthe trauma of return to formal learning /$cDorothy S. Griffiths, Diana Winstanley, and Yiannis Gabriel.
=260  \\$aLondon :$bTanaka Business School,$c2004.
=336  \\$atext$2rdacontent
=337  \\$acomputer$2rdamedia
=338  \\$aonline resource$2rdacarrier
=490  0\$aTanaka Business School discussion papers,$x1744-6783 ;$vTBS/DP04/31
=538  \\$aMode of access: World Wide Web.
=538  \\$aSystem requirements: Adobe Acrobat Reader.
=500  \\$aTitle from p.2 of PDF file (viewed on 27 June, 2005)
=516  \\$aPDF format.
=650  \0$aLearning, Psychology of
=650  \0$aExecutives$xTraining of$xPsychological aspects.
=650  \0$aExecutives$xTraining of$xPsychological aspects$vCase studies.
=650  \0$aMaster of business administration degree.
=650  \0$aAdult students.
=690  7\$aManagement and Business Studies$2blcoll
=700  1\$aWinstanley, Diana.
=700  1\$aGabriel, Yiannis,$d1952-
=710  2\$aTanaka Business School.
=856  40$uhttp://www3.imperial.ac.uk/pls/portallive/docs/1/40419.PDF
=852  41$aBritish Library$bHMNTS$j376376$cDRT
=CAT  \\$a7750$b40$c20050622$lBLL01$h0803
=CAT  \\$a7750$b40$c20050622$lBLL01$h0804
=CAT  \\$a8141$b40$c20050627$lBLL01$h1415
=CAT  \\$a8141$b40$c20050627$lBLL01$h1416
=CAT  \\$a8141$b40$c20050627$lBLL01$h1418
=CAT  \\$a8141$b40$c20050627$lBLL01$h1529
=CAT  \\$a5194$b40$c20050711$lBLL01$h1000
=CAT  \\$aBATCH-UPD$b40$c20070912$lBLL01$h2022
=CAT  \\$aBATCH$b00$c20080505$lBLL01$h1320
=CAT  \\$aBATCH$b00$c20090624$lBLL01$h1701
=CAT  \\$aBATCH-UPD$b00$c20091006$lBLL01$h1612
=CAT  \\$aWR10_184$c20101208$lBLL01$h1635
=CAT  \\$aWR12-140$c20121030$lBLL01$h1049
=CAT  \\$aWR13.144/5$c20140418$lBLL01$h0931
=CAT  \\$aBATCH-UPD$b00$c20220130$lBLL01$h2210
=FIN  \\$aY$d20050627
=DRT  \\$aVDEP
=STA  \\$aSUPPRESSED$bWR10_184
=LAS  \\$aBATCH-UPD$b00$c20220130$lBLL01$h2210

