=LDR  02304cam a2200637 a 4500
=001  013226354
=003  Uk
=005  20050622160121.0
=006  m\\\\|\\\d\|\\\\\\
=007  cr||||||||||||
=008  050622s2004\\\\enk||||\s||||\00|\0\eng\\
=FMT  \\$a  BK
=015  \\$aGBA553185$2bnb
=020  \\$cNo price
=040  \\$aUk$beng$cUk
=042  \\$aukblsr
=082  04$a302.35$222
=100  1\$aGabriel, Yiannis,$d1952-
=245  10$aWorkplace romances in cold and hot organizational climates$h[electronic resource] :$bthe experience of Israel and Taiwan /$cY. Gabriel, R. Mano-Negrin.
=260  \\$aLondon :$bTanaka Business School,$c2004.
=336  \\$atext$2rdacontent
=337  \\$acomputer$2rdamedia
=338  \\$aonline resource$2rdacarrier
=490  0\$aTanaka Business School discussion papers,$x1744-6783 ;$vTBS/DP04/30
=538  \\$aMode of access: World Wide Web.
=538  \\$aSystem requirements: Adobe Acrobat Reader.
=500  \\$aTitle from PDF title page (viewed on 22 June, 2005)
=516  \\$aPDF format.
=650  \0$aSex in the workplace.
=650  \0$aOrganizational behavior.
=650  \0$aCorporate culture.
=650  \0$aStorytelling.
=690  7\$aManagement and Business Studies$2blcoll
=690  7\$aSocial Welfare$2blcoll
=700  1\$aMano-Negrin, R.$q(Rita).
=710  2\$aTanaka Business School.
=856  40$uhttp://www3.imperial.ac.uk/pls/portallive/docs/1/40409.PDF
=852  41$aBritish Library$bHMNTS$j376394$cDRT
=CAT  \\$a7750$b40$c20050622$lBLL01$h0809
=CAT  \\$a7750$b40$c20050622$lBLL01$h0810
=CAT  \\$a8141$b40$c20050622$lBLL01$h1218
=CAT  \\$a11278$b40$c20050622$lBLL01$h1601
=CAT  \\$aBATCH-UPD$b40$c20070912$lBLL01$h2022
=CAT  \\$aBATCH$b00$c20080505$lBLL01$h1320
=CAT  \\$aBATCH$b00$c20090624$lBLL01$h1701
=CAT  \\$aBATCH-UPD$b00$c20091006$lBLL01$h1613
=CAT  \\$aWR10_184$c20101208$lBLL01$h1635
=CAT  \\$aBATCH$b00$c20110625$lBLL01$h0514
=CAT  \\$aBATCH-SWP4$c20110627$lBLL01$h1556
=CAT  \\$aWR12-140$c20121030$lBLL01$h1049
=CAT  \\$aWR13.144/5$c20140418$lBLL01$h0931
=CAT  \\$aBATCH-UPD$b00$c20220130$lBLL01$h2210
=FIN  \\$aY$d20050622
=DRT  \\$aVDEP
=STA  \\$aSUPPRESSED$bWR10_184
=LAS  \\$aBATCH-UPD$b00$c20220130$lBLL01$h2210

