=LDR  02339 am a2200625 a 4500
=001  013226362
=003  Uk
=005  20050708160438.0
=006  m\\\\|\\\d\|\\\\\\
=007  cr||||||||||||
=008  050622s2004\\\\enk||||\s||||\00|\0\eng\\
=FMT  \\$a  BK
=015  \\$aGBA553212$2bnb
=020  \\$cNo price
=040  \\$aUk$beng$cUk
=042  \\$aukblsr
=082  04$a362.19639800941$222
=100  1\$aMorris, S.$q(Stephen),$d1971-
=245  14$aThe impact of obesity on employment in England$h[electronic resource] /$cStephen Morris.
=260  \\$aLondon :$bTanaka Business School,$c2004.
=336  \\$atext$2rdacontent
=337  \\$acomputer$2rdamedia
=338  \\$aonline resource$2rdacarrier
=490  1\$aTanaka Business School discussion papers,$x1744-6783 ;$vTBS/DP04/4
=538  \\$aMode of access: World Wide Web.
=538  \\$aSystem requirements: Adobe Acrobat Reader.
=500  \\$aTitle from PDF title page (viewed on 22 June, 2005)
=516  \\$aPDF format.
=650  \0$aObesity$xEconomic aspects$zGreat Britain.
=650  \0$aOverweight persons$xEmployment$zGreat Britain.
=650  \0$aEmployment$zGreat Britain$xMathematical models.
=650  \0$aOverweight persons$zGreat Britain$vStatistics.
=690  7\$aSocial Welfare$2blcoll
=710  2\$aTanaka Business School.
=856  40$uhttp://www3.imperial.ac.uk/pls/portallive/docs/1/39668.PDF
=830  \0$aTanaka Business School discussion papers,$x1744-6783 ;$vTBS/DP04/4
=852  41$aBritish Library$bHMNTS$j376386$cDRT
=CAT  \\$a7750$b40$c20050622$lBLL01$h0824
=CAT  \\$a7750$b40$c20050622$lBLL01$h0825
=CAT  \\$a8141$b40$c20050622$lBLL01$h1435
=CAT  \\$a8141$b40$c20050622$lBLL01$h1453
=CAT  \\$a5194$b40$c20050708$lBLL01$h1604
=CAT  \\$aBATCH-UPD$b40$c20070912$lBLL01$h2022
=CAT  \\$aBATCH$b00$c20080505$lBLL01$h1320
=CAT  \\$aBATCH-UPD$b00$c20091006$lBLL01$h1613
=CAT  \\$aBATCH$b00$c20091217$lBLL01$h0354
=CAT  \\$aWR10_184$c20101208$lBLL01$h1635
=CAT  \\$aBATCH$b00$c20110625$lBLL01$h0514
=CAT  \\$aBATCH-SWP4$c20110627$lBLL01$h1556
=CAT  \\$aWR12-140$c20121030$lBLL01$h1049
=CAT  \\$aWR13.144/5$c20140418$lBLL01$h0931
=FIN  \\$aY$d20050622
=DRT  \\$aVDEP
=STA  \\$aSUPPRESSED$bWR10_184
=LAS  \\$aWR13.144/5$b00$c20140418$lBLL01$h0931

