=LDR  01879 am a2200529 a 4500
=001  013226365
=003  Uk
=005  20050704143524.0
=006  m\\\\|\\\d\|\\\\\\
=007  cr||||||||||||
=008  050622s2005\\\\enk\\\\\s\\\\\000\0\eng\\
=FMT  \\$a  BK
=015  \\$aGBA556227$2bnb
=040  \\$aUk$beng$cUk
=042  \\$aukblsr
=082  04$a338.47796$222
=100  10$aRoss, Stephen F.,$d1955-
=245  14$aThe law & economics of optimal sports league design$h[electronic resource] /$cRoss, S.F., Szymanski, S.
=260  \\$aLondon :$bTanaka Business School,$c2005.
=336  \\$atext$2rdacontent
=337  \\$acomputer$2rdamedia
=338  \\$aonline resource$2rdacarrier
=490  0\$aTanaka Business School discussion papers ;$vTBS/DP05/36
=538  \\$aMode of access: World Wide Web.
=538  \\$aSystem requirements: Adobe Acrobat Reader.
=500  \\$aTitle from PDF title page (viewed on 4 July, 2005)
=516  \\$aPDF format.
=650  \0$aSports$xEconomic aspects.
=650  \0$aSports$xCompetitions.
=690  7\$aManagement and Business Studies$2blcoll
=700  1\$aSzymanski, Stefan,$d1960-
=856  40$uhttp://www3.imperial.ac.uk/pls/portallive/docs/1/43005.PDF
=852  41$aBritish Library$bHMNTS$j376387$cDRT
=CAT  \\$a7750$b40$c20050622$lBLL01$h0828
=CAT  \\$a7750$b40$c20050622$lBLL01$h0829
=CAT  \\$a11281$b40$c20050704$lBLL01$h1435
=CAT  \\$aBATCH-UPD$b40$c20070912$lBLL01$h2022
=CAT  \\$aBATCH$b00$c20080505$lBLL01$h1320
=CAT  \\$aBATCH$b00$c20090624$lBLL01$h1701
=CAT  \\$aWR10_184$c20101208$lBLL01$h1635
=CAT  \\$aWR12-140$c20121030$lBLL01$h1049
=CAT  \\$aWR13.144/5$c20140418$lBLL01$h0931
=CAT  \\$aBATCH-UPD$b00$c20150806$lBLL01$h2039
=FIN  \\$aY$d20050704
=DRT  \\$aVDEP
=STA  \\$aSUPPRESSED$bWR10_184
=LAS  \\$aBATCH-UPD$b00$c20150806$lBLL01$h2039

