=LDR  02074 am a2200565 a 4500
=001  013226368
=003  Uk
=005  20050622153530.0
=006  m\\\\|\\\d\|\\\\\\
=007  cr||||||||||||
=008  050622s2005\\\\enk\\\\\s\\\\\000\0\eng\\
=FMT  \\$a  BK
=015  \\$aGBA553197$2bnb
=040  \\$aUk$beng$cUk
=042  \\$aukblsr
=082  04$a796.01$222
=100  1\$aSzymanski, Stefan,$d1960-
=245  10$aTilting the playing field :$h[electronic resource]$bwhy a sports league planner would choose less, not more, competitive balance /$cStefan Szymanski.
=260  \\$aLondon :$bTanaka Business School,$c2005.
=336  \\$atext$2rdacontent
=337  \\$acomputer$2rdamedia
=338  \\$aonline resource$2rdacarrier
=490  1\$aTanaka Business School discussion papers,$x1744-6783 ;$vTBS/DP05/35
=538  \\$aMode of access: World Wide Web.
=538  \\$aSystem requirements: Adobe Acrobat Reader.
=500  \\$aTitle from PDF title page (viewed on 22 June, 2005)
=516  \\$aPDF format.
=650  \0$aCompetition (Psychology)
=650  \0$aSports$xPsychological aspects.
=650  \0$aSports teams.
=650  \0$aBaseball.
=710  2\$aTanaka Business School.
=856  40$uhttp://www3.imperial.ac.uk/pls/portallive/docs/1/43004.PDF
=830  \0$aTanaka Business School discussion papers,$x1744-6783 ;$vTBS/DP05/35
=852  41$aBritish Library$bHMNTS$j376393$cDRT
=CAT  \\$a7750$b40$c20050622$lBLL01$h0833
=CAT  \\$a7750$b40$c20050622$lBLL01$h0834
=CAT  \\$a7332$b40$c20050622$lBLL01$h1409
=CAT  \\$a7332$b40$c20050622$lBLL01$h1535
=CAT  \\$aBATCH-UPD$b40$c20070912$lBLL01$h2022
=CAT  \\$aBATCH$b00$c20080505$lBLL01$h1320
=CAT  \\$aBATCH-UPD$b00$c20091006$lBLL01$h1613
=CAT  \\$aBATCH$b00$c20091217$lBLL01$h0354
=CAT  \\$aWR10_184$c20101208$lBLL01$h1635
=CAT  \\$aWR12-140$c20121030$lBLL01$h1049
=CAT  \\$aWR13.144/5$c20140418$lBLL01$h0931
=FIN  \\$aY$d20050622
=DRT  \\$aVDEP
=STA  \\$aSUPPRESSED$bWR10_184
=LAS  \\$aWR13.144/5$b00$c20140418$lBLL01$h0931

