=LDR  02265 am a2200613 a 4500
=001  013226376
=003  Uk
=005  20050623082843.0
=006  m\\\\|\\\d\|\\\\\\
=007  cr||||||||||||
=008  050622s2004\\\\enk||||\s||||\00|\0\eng\\
=FMT  \\$a  BK
=015  \\$aGBA553245$2bnb
=040  \\$aUk$beng$cUk
=042  \\$aukblsr
=082  04$a303.64$222
=100  1\$aMacCulloch, Robert$q(Robert J.)
=245  14$aThe role of freedom, growth and religion in the taste for revolution$h[electronic resource] /$cR. MacCulloch, S. Pezzini.
=260  \\$aLondon :$bTanaka Business School,$c2004.
=336  \\$atext$2rdacontent
=337  \\$acomputer$2rdamedia
=338  \\$aonline resource$2rdacarrier
=490  1\$aTanaka Business School discussion papers,$x1744-6783 ;$vTBS/DP04/26
=538  \\$aMode of access: World Wide Web.
=538  \\$aSystem requirements: Adobe Acrobat Reader.
=500  \\$aTitle from PDF title page (viewed on 23 June, 2005)
=516  \\$aPDF format.
=650  \0$aLiberty$xPolitical aspects.
=650  \0$aReligion$xPolitical aspects.
=650  \0$aEndogenous growth (Economics)
=650  \0$aRevolutions$xEconomic aspects.
=690  7\$aSocial Welfare$2blcoll
=700  1\$aPezzini, Silvia.
=710  2\$aTanaka Business School.
=856  40$uhttp://www3.imperial.ac.uk/pls/portallive/docs/1/40356.PDF
=830  \0$aTanaka Business School discussion papers,$x1744-6783 ;$vTBS/DP04/26
=852  41$aBritish Library$bHMNTS$j376389$cDRT
=CAT  \\$a7750$b40$c20050622$lBLL01$h0841
=CAT  \\$a7750$b40$c20050622$lBLL01$h0843
=CAT  \\$a8141$b40$c20050623$lBLL01$h0828
=CAT  \\$aBATCH-UPD$b40$c20070912$lBLL01$h2022
=CAT  \\$aBATCH$b00$c20080505$lBLL01$h1320
=CAT  \\$aBATCH-UPD$b00$c20091006$lBLL01$h1613
=CAT  \\$aBATCH$b00$c20091217$lBLL01$h0354
=CAT  \\$aWR10_184$c20101208$lBLL01$h1635
=CAT  \\$aBATCH$b00$c20110625$lBLL01$h0514
=CAT  \\$aBATCH-SWP4$c20110627$lBLL01$h1556
=CAT  \\$aWR12-140$c20121030$lBLL01$h1049
=CAT  \\$aWR13.144/5$c20140418$lBLL01$h0931
=CAT  \\$aBATCH-UPD$b00$c20190227$lBLL01$h1722
=FIN  \\$aY$d20050623
=DRT  \\$aVDEP
=STA  \\$aSUPPRESSED$bWR10_184
=LAS  \\$aBATCH-UPD$b00$c20190227$lBLL01$h1722

