=LDR  02065 am a2200577 a 4500
=001  013226383
=003  Uk
=005  20050627151729.0
=006  m\\\\|\\\d\|\\\\\\
=007  cr||||||||||||
=008  050622s2004\\\\enk|||||s||||\00|\0\eng\\
=FMT  \\$a  BK
=015  \\$aGBA553822$2bnb
=020  \\$cNo price
=040  \\$aUk$beng$cUk
=042  \\$aukblsr
=082  04$a384.6$222
=100  10$aValletti, Tommaso M.
=245  10$aInvestments and network competition$h[electronic resource] /$cT.M. Valletti, C. Cambini.
=260  \\$aLondon :$bTanaka Business School,$c2004.
=336  \\$atext$2rdacontent
=337  \\$acomputer$2rdamedia
=338  \\$aonline resource$2rdacarrier
=490  1\$aTanaka Business School discussion papers,$x1744-6783 ;$vTBS/DP04/2
=538  \\$aMode of access: World Wide Web.
=538  \\$aSystem requirements: Adobe Acrobat Reader.
=500  \\$aTitle from PDF title page (viewed on 27 June, 2005)
=516  \\$aPDF format.
=650  \0$aTelecommunication$xRates$xEconometric models.
=650  \0$aTelecommunication systems$xFinance.
=650  \0$aCompetition.
=700  1\$aCambini, Carlo.
=710  2\$aTanaka Business School.
=856  40$uhttp://www3.imperial.ac.uk/pls/portallive/docs/1/39666.PDF
=830  \0$aTanaka Business School discussion papers,$x1744-6783 ;$vTBS/DP04/2
=852  41$aBritish Library$bHMNTS$j376375$cDRT
=CAT  \\$a7750$b40$c20050622$lBLL01$h0855
=CAT  \\$a7750$b40$c20050622$lBLL01$h0856
=CAT  \\$a8141$b40$c20050627$lBLL01$h1517
=CAT  \\$aBATCH-UPD$b40$c20070912$lBLL01$h2022
=CAT  \\$aBATCH$b00$c20080505$lBLL01$h1320
=CAT  \\$aBATCH-UPD$b00$c20091006$lBLL01$h1613
=CAT  \\$aBATCH$b00$c20091217$lBLL01$h0354
=CAT  \\$aWR10_184$c20101208$lBLL01$h1635
=CAT  \\$aWR12-140$c20121030$lBLL01$h1049
=CAT  \\$aWR13.144/5$c20140418$lBLL01$h0931
=CAT  \\$aBATCH-UPD$b00$c20170719$lBLL01$h1602
=FIN  \\$aY$d20050627
=DRT  \\$aVDEP
=STA  \\$aSUPPRESSED$bWR10_184
=LAS  \\$aBATCH-UPD$b00$c20170719$lBLL01$h1602

