=LDR  02207 am a2200613 a 4500
=001  013226412
=003  Uk
=005  20050627111103.0
=006  m\\\\|\\\d\|\\\\\\
=007  cr||||||||||||
=008  050622s2004\\\\enk||||\s||||\00|\0\eng\\
=FMT  \\$a  BK
=015  \\$aGBA553278$2bnb
=020  \\$cNo price
=040  \\$aUk$beng$cUk
=042  \\$aukblsr
=082  04$a332.6$222
=100  1\$aDibooğlu, Sel.
=245  10$aAsset pricing in a small open economy with the spirit of capitalism$h[electronic resource] /$cSel Dibooğlu, Turalay Kenc.
=260  \\$aLondon :$bTanaka Business School,$c2004.
=336  \\$atext$2rdacontent
=337  \\$acomputer$2rdamedia
=338  \\$aonline resource$2rdacarrier
=490  0\$aTanaka Business School discussion papers,$x1744-6783 ;$vTBS/DP04/24
=538  \\$aMode of access: World Wide Web.
=538  \\$aSystem requirements: Adobe Acrobat Reader.
=500  \\$aTitle from PDF title page (viewed on 23 June, 2005)
=516  \\$aPDF format.
=650  \0$aCapital assets pricing model.
=650  \0$aForeign exchange rates$xEconometric models.
=650  \0$aStochastic analysis.
=650  \0$aEquilibrium (Economics)
=650  \0$aSocial status$xEconomic aspects.
=690  7\$aManagement and Business Studies$2blcoll
=700  1\$aKenc, Turalay.
=710  2\$aTanaka Business School.
=856  40$uhttp://www3.imperial.ac.uk/pls/portallive/docs/1/40354.PDF
=852  41$aBritish Library$bHMNTS$j376361$cDRT
=CAT  \\$a7750$b40$c20050622$lBLL01$h0926
=CAT  \\$a7750$b40$c20050622$lBLL01$h0927
=CAT  \\$a8141$b40$c20050623$lBLL01$h1100
=CAT  \\$a11278$b40$c20050627$lBLL01$h1111
=CAT  \\$aBATCH-UPD$b40$c20070912$lBLL01$h2022
=CAT  \\$aBATCH$b00$c20080505$lBLL01$h1320
=CAT  \\$aBATCH$b00$c20090624$lBLL01$h1701
=CAT  \\$aBATCH-UPD$b00$c20091006$lBLL01$h1613
=CAT  \\$aWR10_184$c20101208$lBLL01$h1635
=CAT  \\$aWR12-140$c20121030$lBLL01$h1049
=CAT  \\$aWR13.144/5$c20140418$lBLL01$h0931
=CAT  \\$aBATCH-UPD$b00$c20180718$lBLL01$h2002
=FIN  \\$aY$d20050623
=DRT  \\$aVDEP
=STA  \\$aSUPPRESSED$bWR10_184
=LAS  \\$aBATCH-UPD$b00$c20180718$lBLL01$h2002

