=LDR  01973 am a2200541 a 4500
=001  013226466
=003  Uk
=005  20050624105418.0
=006  m\\\\|\\\d\|\\\\\\
=007  cr||||||||||||
=008  050622s2004\\\\enk\\\\\s\\\\\000\0\eng\\
=FMT  \\$a  BK
=015  \\$aGBA553350$2bnb
=040  \\$aUk$beng$cUk
=042  \\$aukblsr
=082  04$a332.45$222
=100  1\$aBreedon, F. J.$q(Francis J.)
=245  13$aAn empirical study of liquidity and information effects of order flow on exchange rates$h[electronic resource] /$cF. Breedon, P. Vitale.
=260  \\$aLondon :$bTanaka Business School,$c2004.
=336  \\$atext$2rdacontent
=337  \\$acomputer$2rdamedia
=338  \\$aonline resource$2rdacarrier
=490  0\$aTanaka Business School discussion papers,$x1744-6783 ;$vTBS/DP04/23
=538  \\$aMode of access: World Wide Web.
=538  \\$aSystem requirements: Adobe Acrobat Reader.
=500  \\$aTitle from PDF title page (viewed on 24 June, 2005)
=516  \\$aPDF format.
=650  \0$aForeign exchange rates$xEconometric models.
=650  \0$aLiquidity (Economics)
=690  7\$aManagement and Business Studies$2blcoll
=700  1\$aVitale, Paolo.
=710  2\$aTanaka Business School.
=856  40$uhttp://www3.imperial.ac.uk/pls/portallive/docs/1/40353.PDF
=852  41$aBritish Library$bHMNTS$j376359$cDRT
=CAT  \\$a7750$b40$c20050622$lBLL01$h1025
=CAT  \\$a7750$b40$c20050622$lBLL01$h1026
=CAT  \\$a7332$b40$c20050624$lBLL01$h1054
=CAT  \\$aBATCH-UPD$b40$c20070912$lBLL01$h2022
=CAT  \\$aBATCH$b00$c20080505$lBLL01$h1320
=CAT  \\$aBATCH$b00$c20090624$lBLL01$h1701
=CAT  \\$aBATCH-UPD$b00$c20091006$lBLL01$h1613
=CAT  \\$aWR10_184$c20101208$lBLL01$h1635
=CAT  \\$aWR12-140$c20121030$lBLL01$h1049
=CAT  \\$aWR13.144/5$c20140418$lBLL01$h0931
=FIN  \\$aY$d20050624
=DRT  \\$aVDEP
=STA  \\$aSUPPRESSED$bWR10_184
=LAS  \\$aWR13.144/5$b00$c20140418$lBLL01$h0931

