=LDR  02148 am a2200577 a 4500
=001  013226549
=003  Uk
=005  20050707084718.0
=006  m\\\\|\\\d\|\\\\\\
=007  cr||||||||||||
=008  050622s2004\\\\enk\\\\\s\\\\\000\0\eng\\
=FMT  \\$a  BK
=015  \\$aGBA553226$2bnb
=040  \\$aUk$beng$cUk
=042  \\$aukblsr
=082  04$a332.75$222
=100  1\$aCathcart, Lara.
=245  10$aMultiple defaults and Merton's model$h[electronic resource] /$cLara Cathcart, Lina El-Jahel.
=260  \\$aLondon :$bTanaka Business School,$c2004.
=336  \\$atext$2rdacontent
=337  \\$acomputer$2rdamedia
=338  \\$aonline resource$2rdacarrier
=490  0\$aTanaka Business School discussion papers,$x1744-6783 ;$vTBS/DP04/12
=538  \\$aMode of access: World Wide Web.
=538  \\$aSystem requirements: Adobe Acrobat Reader.
=500  \\$aTitle from PDF title page (viewed on 22 June, 2005)
=516  \\$aPDF format.
=650  \0$aBusiness failures$xMathematical models.
=650  \0$aDefault (Finance)$xMathematical models.
=650  \0$aBusiness failures$zGreat Britain$xForecasting$xStatistical methods.
=650  \0$aDefault (Finance)$zGreat Britain$xForecasting$xStatistical methods.
=690  7\$aManagement and Business Studies$2blcoll
=700  1\$aEl-Jahel, Lina.
=710  2\$aTanaka Business School.
=856  40$uhttp://www3.imperial.ac.uk/pls/portallive/docs/1/40330.PDF
=852  41$aBritish Library$bHMNTS$j376379$cDRT
=CAT  \\$a7750$b40$c20050622$lBLL01$h1108
=CAT  \\$a7750$b40$c20050622$lBLL01$h1110
=CAT  \\$a7332$b40$c20050623$lBLL01$h0833
=CAT  \\$a11278$b40$c20050707$lBLL01$h0847
=CAT  \\$aBATCH-UPD$b40$c20070912$lBLL01$h2022
=CAT  \\$aBATCH$b00$c20080505$lBLL01$h1320
=CAT  \\$aBATCH$b00$c20090624$lBLL01$h1701
=CAT  \\$aBATCH-UPD$b00$c20091006$lBLL01$h1613
=CAT  \\$aWR10_184$c20101208$lBLL01$h1635
=CAT  \\$aWR12-140$c20121030$lBLL01$h1049
=CAT  \\$aWR13.144/5$c20140418$lBLL01$h0931
=FIN  \\$aY$d20050623
=DRT  \\$aVDEP
=STA  \\$aSUPPRESSED$bWR10_184
=LAS  \\$aWR13.144/5$b00$c20140418$lBLL01$h0931

