=LDR  02038 am a2200565 a 4500
=001  013226570
=003  Uk
=005  20050623120218.0
=006  m\\\\|\\\d\|\\\\\\
=007  cr||||||||||||
=008  050622s2004\\\\enk||||\s||||\00|\0\eng\\
=FMT  \\$a  BK
=015  \\$aGBA553293$2bnb
=020  \\$cNo price
=040  \\$aUk$beng$cUk
=042  \\$aukblsr
=082  04$a332.6323$222
=100  1\$aCathcart, Lara.
=245  10$aSemi-analytical pricing of defaultable bonds in a signaling-jump default model$h[electronic resource] /$cLara Cathcart, Lina El-Jahel.
=260  \\$aLondon :$bTanaka Business School,$c2004.
=336  \\$atext$2rdacontent
=337  \\$acomputer$2rdamedia
=338  \\$aonline resource$2rdacarrier
=490  0\$aTanaka Business School discussion papers,$x1744-6783 ;$vTBS/DP04/10
=538  \\$aMode of access: World Wide Web.
=538  \\$aSystem requirements: Adobe Acrobat Reader.
=500  \\$aTitle from PDF title page (viewed on 23 June, 2005)
=516  \\$aPDF format.
=650  \0$aBonds$xPrices$xEconometric models.
=650  \0$aDefault (Finance)$xEconometric models.
=650  \0$aCredit$xEconometric models.
=690  7\$aManagement and Business Studies$2blcoll
=700  1\$aEl-Jahel, Lina.
=710  2\$aTanaka Business School.
=856  40$uhttp://www3.imperial.ac.uk/pls/portallive/docs/1/40327.PDF
=852  41$aBritish Library$bHMNTS$j376384$cDRT
=CAT  \\$a7750$b40$c20050622$lBLL01$h1118
=CAT  \\$a7750$b40$c20050622$lBLL01$h1119
=CAT  \\$a8141$b40$c20050623$lBLL01$h1202
=CAT  \\$aBATCH-UPD$b40$c20070912$lBLL01$h2022
=CAT  \\$aBATCH$b00$c20080505$lBLL01$h1320
=CAT  \\$aBATCH$b00$c20090624$lBLL01$h1701
=CAT  \\$aBATCH-UPD$b00$c20091006$lBLL01$h1613
=CAT  \\$aWR10_184$c20101208$lBLL01$h1635
=CAT  \\$aWR12-140$c20121030$lBLL01$h1049
=CAT  \\$aWR13.144/5$c20140418$lBLL01$h0931
=FIN  \\$aY$d20050623
=DRT  \\$aVDEP
=STA  \\$aSUPPRESSED$bWR10_184
=LAS  \\$aWR13.144/5$b00$c20140418$lBLL01$h0931

