=LDR  01754 am a2200505 a 4500
=001  013226582
=003  Uk
=005  20050706082933.0
=006  m\\\\|\\\d\|\\\\\\
=007  cr||||||||||||
=008  050622s2004\\\\enk\\\\\s\\\\\000\0\eng\\
=FMT  \\$a  BK
=015  \\$aGBA557425$2bnb
=040  \\$aUk$beng$cUk
=042  \\$aukblsr
=082  04$a332.6$222
=100  1\$aSefton, James.
=245  12$aA decomposition of portfolio momentum returns$h[electronic resource] /$cJ. Sefton, A. Scowcroft.
=260  \\$aLondon :$bTanaka Business School,$c2004.
=336  \\$atext$2rdacontent
=337  \\$acomputer$2rdamedia
=338  \\$aonline resource$2rdacarrier
=490  0\$aTanaka Business School discussion papers ;$vTBS/DP04/9
=538  \\$aMode of access: World Wide Web.
=538  \\$aSystem requirements: Adobe Acrobat Reader.
=500  \\$aTitle from PDF title page (viewed on 6 July, 2005)
=516  \\$aPDF format.
=650  \0$aPortfolio management.
=690  7\$aManagement and Business Studies$2blcoll
=700  1\$aScowcroft, Alan.
=856  40$uhttp://www3.imperial.ac.uk/pls/portallive/docs/1/40325.PDF
=852  41$aBritish Library$bHMNTS$j376357$cDRT
=CAT  \\$a7750$b40$c20050622$lBLL01$h1124
=CAT  \\$a7750$b40$c20050622$lBLL01$h1125
=CAT  \\$a11281$b40$c20050706$lBLL01$h0829
=CAT  \\$aBATCH-UPD$b40$c20070912$lBLL01$h2022
=CAT  \\$aBATCH$b00$c20080505$lBLL01$h1320
=CAT  \\$aBATCH$b00$c20090624$lBLL01$h1701
=CAT  \\$aWR10_184$c20101208$lBLL01$h1635
=CAT  \\$aWR12-140$c20121030$lBLL01$h1049
=CAT  \\$aWR13.144/5$c20140418$lBLL01$h0931
=FIN  \\$aY$d20050706
=DRT  \\$aVDEP
=STA  \\$aSUPPRESSED$bWR10_184
=LAS  \\$aWR13.144/5$b00$c20140418$lBLL01$h0931

