=LDR  02031 am a2200577 a 4500
=001  013226586
=003  Uk
=005  20050622153316.0
=006  m\\\\|\\\d\|\\\\\\
=007  cr||||||||||||
=008  050622s2004\\\\enk\\\\\s\\\\\000\0\eng\\
=FMT  \\$a  BK
=015  \\$aGBA553211$2bnb
=040  \\$aUk$beng$cUk
=042  \\$aukblsr
=082  04$a339.22$222
=100  10$aSefton, James.
=245  10$aIndividual and national income in general equlibrium$h[electronic resource] /$cJ.A. Sefton, M.R. Weale.
=260  \\$aLondon :$bTanaka Business School,$c2004.
=336  \\$atext$2rdacontent
=337  \\$acomputer$2rdamedia
=338  \\$aonline resource$2rdacarrier
=490  0\$aTanaka Business School discussion papers,$x1744-6783 ;$vTBS/DP04/8
=538  \\$aMode of access: World Wide Web.
=538  \\$aSystem requirements: Adobe Acrobat Reader.
=500  \\$aTitle from PDF title page (viewed on 22 June, 2005)
=516  \\$aPDF format.
=650  \0$aIncome.
=650  \0$aNational income.
=650  \0$aEquilibrium (Economics)
=690  7\$aManagement and Business Studies$2blcoll
=700  1\$aWeale, Martin,$d1955-
=710  2\$aTanaka Business School.
=856  40$uhttp://www3.imperial.ac.uk/pls/portallive/docs/1/40316.PDF
=852  41$aBritish Library$bHMNTS$j376373$cDRT
=CAT  \\$a7750$b40$c20050622$lBLL01$h1128
=CAT  \\$a7750$b40$c20050622$lBLL01$h1130
=CAT  \\$a7332$b40$c20050622$lBLL01$h1520
=CAT  \\$a7332$b40$c20050622$lBLL01$h1533
=CAT  \\$aBATCH-UPD$b40$c20070912$lBLL01$h2022
=CAT  \\$aBATCH$b00$c20080505$lBLL01$h1320
=CAT  \\$aBATCH$b00$c20090624$lBLL01$h1701
=CAT  \\$aBATCH-UPD$b00$c20091006$lBLL01$h1613
=CAT  \\$aWR10_184$c20101208$lBLL01$h1635
=CAT  \\$aWR12-140$c20121030$lBLL01$h1049
=CAT  \\$aWR13.144/5$c20140418$lBLL01$h0931
=CAT  \\$aBATCH-UPD$b00$c20180718$lBLL01$h2002
=FIN  \\$aY$d20050622
=DRT  \\$aVDEP
=STA  \\$aSUPPRESSED$bWR10_184
=LAS  \\$aBATCH-UPD$b00$c20180718$lBLL01$h2002

