=LDR  02410 am a2200613 a 4500
=001  013244267
=003  Uk
=005  20050718113844.0
=006  m\\\\|\\\d\|\\\\\\
=007  cr||||||||||||
=008  050704s2005\\\\enk||||\sb\\\\00|\0\eng\\
=FMT  \\$a  BK
=040  \\$aUk$beng$cUk
=042  \\$aukblsr
=082  04$a303.4833$222
=100  1\$aSmith, Matthew Longshore.
=245  10$aOvercoming theory-practice inconsistencies$h[electronic resource] :$bcritical realism and information systems research /$cMatthew Longshore Smith.
=260  \\$aLondon :$bLSE, Dept. of Information Systems,$c2005.
=336  \\$atext$2rdacontent
=337  \\$acomputer$2rdamedia
=338  \\$aonline resource$2rdacarrier
=490  1\$aWorking paper series (LSE Dept. of Information Systems) ;$v134
=538  \\$aMode of access: World Wide Web.
=538  \\$aSystem requirements: Adobe Acrobat Reader.
=500  \\$aTitle from PDF title page (viewed on 14 July, 2005)
=516  \\$aPDF format.
=504  \\$aIncludes bibliographical references.
=690  7\$aSocial Welfare$2blcoll
=650  \0$aCritical realism.
=650  \0$aInformation technology$xPhilosophy.
=650  \0$aInformation technology$xResearch.
=650  \0$aSocial sciences$xPhilosophy.
=710  2\$aLondon School of Economics and Political Science.$bDepartment of Information Systems.
=856  40$uhttp://is.lse.ac.uk/wp/pdf/WP134.PDF
=830  \0$aWorking paper series (London School of Economics and Political Science. Department of Information Systems) ;$v134.
=852  41$aBritish Library$bHMNTS$j370984$cDRT
=985  \\$aRecord amended for WR# 13/070
=CAT  \\$a10902$b40$c20050704$lBLL01$h1425
=CAT  \\$a10902$b40$c20050704$lBLL01$h1439
=CAT  \\$a8141$b40$c20050714$lBLL01$h0930
=CAT  \\$aUE-01$b00$c20050715$lBLL01$h1510
=CAT  \\$a5194$b44$c20050718$lBLL01$h1138
=CAT  \\$aBATCH-UPD$b44$c20070912$lBLL01$h2022
=CAT  \\$aBATCH$b00$c20080505$lBLL01$h1320
=CAT  \\$aWR10_184$c20101208$lBLL01$h1635
=CAT  \\$aBATCH$b00$c20110625$lBLL01$h0514
=CAT  \\$aBATCH-SWP4$c20110627$lBLL01$h1557
=CAT  \\$aWR12-140$c20121030$lBLL01$h1049
=CAT  \\$aWR13_070$b00$c20130504$lBLL01$h0240
=CAT  \\$aWR13.144/5$c20140418$lBLL01$h0931
=FIN  \\$aY$d20050714
=DRT  \\$aVDEP
=STA  \\$aSUPPRESSED$bWR10_184
=LAS  \\$aWR13.144/5$b00$c20140418$lBLL01$h0931

