=LDR  02619 am a2200673 a 4500
=001  013244276
=003  Uk
=005  20050718101558.0
=006  m\\\\|\\\d\|\\\\\\
=007  cr||||||||||||
=008  050704s2005\\\\enk||||\sb\\\\00|\0\eng\\
=FMT  \\$a  BK
=040  \\$aUk$beng$cUk
=042  \\$aukblsr
=082  04$a303.4833082$222
=100  1\$aGillard, Hazel.
=245  14$aThe digital gender divide$h[electronic resource] :$bimplications of ICT skills training for social inclusion /$cHazel Gillard, Susan V. Scott and Nathalie N. Mitev.
=260  \\$aLondon :$bLSE, Dept. of Information Systems,$c2005.
=336  \\$atext$2rdacontent
=337  \\$acomputer$2rdamedia
=338  \\$aonline resource$2rdacarrier
=490  1\$aWorking paper series (LSE Dept. of Information Systems) ;$v133
=538  \\$aMode of access: World Wide Web.
=538  \\$aSystem requirements: Adobe Acrobat Reader.
=500  \\$aTitle from PDF title page (viewed on 13 July, 2005)
=516  \\$aPDF format.
=504  \\$aIncludes bibliographical references.
=690  7\$aSocial Welfare$2blcoll
=650  \0$aComputers and women.
=650  \0$aDigital divide.
=650  \0$aInformation technology$xSocial aspects.
=650  \0$aMarginality, Social.
=650  \0$aWomen$xEffects of technological innovations on.
=650  \0$aWork and family.
=700  1\$aMitev, Nathalie Nadia.
=700  1\$aScott, Susan V.
=710  2\$aLondon School of Economics and Political Science.$bDepartment of Information Systems.
=856  40$uhttp://is.lse.ac.uk/wp/pdf/WP133.PDF
=830  \0$aWorking paper series (London School of Economics and Political Science. Department of Information Systems) ;$v133.
=852  41$aBritish Library$bHMNTS$j370995$cDRT
=985  \\$aRecord amended for WR# 13/070
=CAT  \\$a10902$b40$c20050704$lBLL01$h1431
=CAT  \\$a10902$b40$c20050704$lBLL01$h1440
=CAT  \\$a10902$b40$c20050704$lBLL01$h1601
=CAT  \\$a8141$b40$c20050713$lBLL01$h1455
=CAT  \\$aUE-01$b00$c20050715$lBLL01$h1345
=CAT  \\$a5194$b40$c20050718$lBLL01$h1015
=CAT  \\$aBATCH-UPD$b40$c20070912$lBLL01$h2022
=CAT  \\$aBATCH$b00$c20080505$lBLL01$h1320
=CAT  \\$aWR10_184$c20101208$lBLL01$h1635
=CAT  \\$aBATCH$b00$c20110625$lBLL01$h0514
=CAT  \\$aBATCH-SWP4$c20110627$lBLL01$h1557
=CAT  \\$aWR12-140$c20121030$lBLL01$h1049
=CAT  \\$aWR13_070$b00$c20130504$lBLL01$h0240
=CAT  \\$aWR13.144/5$c20140418$lBLL01$h0931
=FIN  \\$aY$d20050713
=DRT  \\$aVDEP
=STA  \\$aSUPPRESSED$bWR10_184
=LAS  \\$aWR13.144/5$b00$c20140418$lBLL01$h0931

