=LDR  02121 am a2200565 a 4500
=001  013244334
=003  Uk
=005  20050713144905.0
=006  m\\\\|\\\d\|\\\\\\
=007  cr||||||||||||
=008  050704s2005\\\\enk\\\\\sb\\\\000\0\eng\\
=FMT  \\$a  BK
=040  \\$aUk$beng$cUk
=042  \\$aukblsr
=082  04$a364.168$222
=100  1\$aWillison, Robert.
=245  10$aRe-conceptualising IS security$h[electronic resource] :$binsights from a criminological perspective /$cRobert Willison and James Backhouse.
=260  \\$aLondon :$bLSE, Dept. of Information Systems,$c2005.
=336  \\$atext$2rdacontent
=337  \\$acomputer$2rdamedia
=338  \\$aonline resource$2rdacarrier
=490  1\$aWorking paper series / LSE Dept. of Information Systems ;$v132
=538  \\$aMode of access: World Wide Web.
=538  \\$aSystem requirements: Adobe Acrobat Reader.
=500  \\$aTitle from PDF title page (viewed on 13 July, 2005)
=516  \\$aPDF format.
=504  \\$aIncludes bibliographical references.
=650  \0$aComputer crimes.
=650  \0$aComputer crimes$xPrevention.
=650  \0$aInformation resources management$xSecurity measures.
=650  \0$aCommercial crimes.
=690  7\$aSocial Welfare$2blcoll
=700  1\$aBackhouse, James.
=830  \0$aWorking paper series (London School of Economics and Political Science. Development Studies Institute)
=856  40$uhttp://is.lse.ac.uk/wp/pdf/WP132.PDF
=852  41$aBritish Library$bHMNTS$j370986$cDRT
=CAT  \\$a10902$b40$c20050704$lBLL01$h1524
=CAT  \\$a10902$b40$c20050704$lBLL01$h1525
=CAT  \\$a11281$b40$c20050713$lBLL01$h1449
=CAT  \\$aBATCH-UPD$b40$c20070912$lBLL01$h2022
=CAT  \\$aBATCH$b00$c20080505$lBLL01$h1320
=CAT  \\$aWR10_184$c20101208$lBLL01$h1635
=CAT  \\$aBATCH$b00$c20110625$lBLL01$h0514
=CAT  \\$aBATCH-SWP4$c20110627$lBLL01$h1557
=CAT  \\$aWR12-140$c20121030$lBLL01$h1049
=CAT  \\$aWR13.144/5$c20140418$lBLL01$h0931
=FIN  \\$aY$d20050713
=DRT  \\$aVDEP
=STA  \\$aSUPPRESSED$bWR10_184
=LAS  \\$aWR13.144/5$b00$c20140418$lBLL01$h0931

