=LDR  02400 am a2200613 a 4500
=001  013244381
=003  Uk
=005  20050715105504.0
=006  m\\\\|\\\d\|\\\\\\
=007  cr||||||||||||
=008  050704s2003\\\\enk||||\sb\\\\00|\0\eng\\
=FMT  \\$a  BK
=040  \\$aUk$beng$cUk
=042  \\$aukblsr
=082  04$a336.22095487$222
=100  10$aMadon, Shirin.
=245  10$aImplementing property tax reforms in Bangalore$h[electronic resource] :$ban actor network perspective /$cShirin Madon, Sundeep Mahay and Jyotsna Sahay.
=260  \\$aLondon :$bLSE, Dept. of Information Systems,$c2003.
=336  \\$atext$2rdacontent
=337  \\$acomputer$2rdamedia
=338  \\$aonline resource$2rdacarrier
=490  1\$aWorking paper series (LSE Dept. of Information Systems) ;$v129
=538  \\$aMode of access: World Wide Web.
=538  \\$aSystem requirements: Adobe Acrobat Reader.
=500  \\$aTitle from PDF title page (viewed on 13 July, 2005)
=516  \\$aPDF format.
=504  \\$aIncludes bibliographical references.
=690  7\$aManagement and Business Studies$2blcoll
=650  \0$aActor-network theory.
=650  \0$aProperty tax$zIndia$zBangalore.
=650  \0$aReal property tax$zIndia$zBangalore.
=700  1\$aSahay, Jyotsna.
=700  1\$aSahay, Sundeep.
=710  2\$aLondon School of Economics and Political Science.$bDepartment of Information Systems.
=856  40$uhttp://is.lse.ac.uk/wp/pdf/WP129.PDF
=830  \0$aWorking paper series (London School of Economics and Political Science. Department of Information Systems) ;$v129.
=852  41$aBritish Library$bHMNTS$j370971$cDRT
=985  \\$aRecord amended for WR# 13/070
=CAT  \\$a10902$b40$c20050704$lBLL01$h1557
=CAT  \\$a10902$b40$c20050704$lBLL01$h1558
=CAT  \\$a8141$b40$c20050713$lBLL01$h0814
=CAT  \\$a5194$b40$c20050715$lBLL01$h1055
=CAT  \\$aBATCH-UPD$b40$c20070912$lBLL01$h2022
=CAT  \\$aBATCH$b00$c20080505$lBLL01$h1320
=CAT  \\$aBATCH$b00$c20090624$lBLL01$h1702
=CAT  \\$aWR10_184$c20101208$lBLL01$h1635
=CAT  \\$aWR12-140$c20121030$lBLL01$h1049
=CAT  \\$aWR13_070$b00$c20130504$lBLL01$h0240
=CAT  \\$aWR13.144/5$c20140418$lBLL01$h0931
=CAT  \\$aBATCH-UPD$b00$c20170609$lBLL01$h2038
=FIN  \\$aY$d20050713
=DRT  \\$aVDEP
=STA  \\$aSUPPRESSED$bWR10_184
=LAS  \\$aBATCH-UPD$b00$c20170609$lBLL01$h2038

