=LDR  02562 am a2200625 a 4500
=001  013244407
=003  Uk
=005  20050713125750.0
=006  m\\\\|\\\d\|\\\\\\
=007  cr||||||||||||
=008  050704s2003\\\\enk||||\sb\\\\00|\0\eng\\
=FMT  \\$a  BK
=040  \\$aUk$beng$cUk
=042  \\$aukblsr
=082  04$a302.35$222
=100  1\$aPouloudi, Nancy,$d1970-
=245  10$aInterpretive Stakeholder Analysis (ISA)$h[electronic resource] :$bunveiling the complexity of an interorganizational healthcare network in the British healthcare environment /$cNancy Pouloudi and Edgar A. Whitley.
=260  \\$aLondon :$bLSE, Dept. of Information Systems,$c2003.
=336  \\$atext$2rdacontent
=337  \\$acomputer$2rdamedia
=338  \\$aonline resource$2rdacarrier
=490  1\$aWorking paper series (LSE Dept. of Information Systems) ;$v128
=538  \\$aMode of access: World Wide Web.
=538  \\$aSystem requirements: Adobe Acrobat Reader.
=500  \\$aTitle from PDF title page (viewed on 13 July, 2005)
=516  \\$aPDF format.
=504  \\$aIncludes bibliographical references.
=690  7\$aManagement and Business Studies$2blcoll
=690  7\$aSocial Welfare$2blcoll
=650  \0$aInterorganizational relations$xResearch$xMethodology.
=650  \0$aMedical care$zGreat Britain.
=650  \0$aOrganizational behavior$xResearch$xMethodology.
=700  1\$aWhitley, Edgar A.
=710  2\$aLondon School of Economics and Political Science.$bDepartment of Information Systems.
=856  40$uhttp://is.lse.ac.uk/wp/pdf/WP128.PDF
=830  \0$aWorking paper series (London School of Economics and Political Science. Department of Information Systems) ;$v127.
=852  41$aBritish Library$bHMNTS$j370976$cDRT
=985  \\$aRecord amended for WR# 13/070
=CAT  \\$a10902$b40$c20050704$lBLL01$h1611
=CAT  \\$a10902$b40$c20050704$lBLL01$h1613
=CAT  \\$a8141$b40$c20050713$lBLL01$h1257
=CAT  \\$aUE-01$b00$c20050715$lBLL01$h1510
=CAT  \\$aBATCH-UPD$b00$c20070912$lBLL01$h2022
=CAT  \\$aBATCH$b00$c20080505$lBLL01$h1320
=CAT  \\$aBATCH$b00$c20090624$lBLL01$h1702
=CAT  \\$aWR10_184$c20101208$lBLL01$h1635
=CAT  \\$aBATCH$b00$c20110625$lBLL01$h0514
=CAT  \\$aBATCH-SWP4$c20110627$lBLL01$h1557
=CAT  \\$aWR12-140$c20121030$lBLL01$h1049
=CAT  \\$aWR13_070$b00$c20130504$lBLL01$h0240
=CAT  \\$aWR13.144/5$c20140418$lBLL01$h0931
=FIN  \\$aY$d20050713
=DRT  \\$aVDEP
=STA  \\$aSUPPRESSED$bWR10_184
=LAS  \\$aWR13.144/5$b00$c20140418$lBLL01$h0931

