=LDR  02581 am a2200625 a 4500
=001  013244522
=003  Uk
=005  20051102093736.0
=006  m\\\\|\\\d\|\\\\\\
=007  cr||||||||||||
=008  050705s2003\\\\enk||||\sb\\\\00|\0\eng\\
=FMT  \\$a  BK
=040  \\$aUk$beng$cUk
=042  \\$aukblsr
=082  04$a361.77$222
=100  10$aMadon, Shirin.
=245  10$aInformation systems and non-governmental development organisations (NGOs)$h[electronic resource] :$badvocacy, organisational learning and accountability in a southern NGO /$cShirin Madon and David Lewis.
=260  \\$aLondon :$bLSE, Dept. of Information Systems,$c2003.
=336  \\$atext$2rdacontent
=337  \\$acomputer$2rdamedia
=338  \\$aonline resource$2rdacarrier
=490  1\$aWorking paper series (LSE Dept. of Information Systems) ;$v125
=538  \\$aMode of access: World Wide Web.
=538  \\$aSystem requirements: Adobe Acrobat Reader.
=500  \\$aTitle from PDF title page (viewed on 12 July, 2005)
=516  \\$aPDF format.
=504  \\$aIncludes bibliographical references.
=690  7\$aSocial Welfare$2blcoll
=650  \0$aNon-governmental organizations$xInformation resources management$zBangladesh$vCase studies.
=650  \0$aNon-governmental organizations$xInformation resources management.
=650  \0$aSocial advocacy.
=700  1\$aLewis, David J.
=710  2\$aLondon School of Economics and Political Science.$bDepartment of Information Systems.
=856  40$uhttp://is.lse.ac.uk/wp/pdf/WP125.PDF
=830  \0$aWorking paper series (London School of Economics and Political Science. Department of Information Systems) ;$v125.
=852  41$aBritish Library$bHMNTS$j370974$cDRT
=985  \\$aRecord amended for WR# 13/070
=CAT  \\$a10902$b40$c20050705$lBLL01$h0821
=CAT  \\$a10902$b40$c20050705$lBLL01$h0822
=CAT  \\$a8141$b40$c20050712$lBLL01$h1451
=CAT  \\$aUE-01$b00$c20050715$lBLL01$h1510
=CAT  \\$a11249$b40$c20051102$lBLL01$h0937
=CAT  \\$aBATCH-UPD$b40$c20070912$lBLL01$h2022
=CAT  \\$aBATCH$b00$c20080505$lBLL01$h1320
=CAT  \\$aWR10_184$c20101208$lBLL01$h1635
=CAT  \\$aBATCH$b00$c20110625$lBLL01$h0514
=CAT  \\$aBATCH-SWP4$c20110627$lBLL01$h1557
=CAT  \\$aWR12-140$c20121030$lBLL01$h1049
=CAT  \\$aWR13_070$b00$c20130504$lBLL01$h0240
=CAT  \\$aWR13.144/5$c20140418$lBLL01$h0931
=CAT  \\$aBATCH-UPD$b00$c20141012$lBLL01$h2201
=FIN  \\$aY$d20050712
=DRT  \\$aVDEP
=STA  \\$aSUPPRESSED$bWR10_184
=LAS  \\$aBATCH-UPD$b00$c20141012$lBLL01$h2201

