=LDR  02039 am a2200529 a 4500
=001  013244540
=003  Uk
=005  20050712104852.0
=006  m\\\\|\\\d\|\\\\\\
=007  cr||||||||||||
=008  050705s2003\\\\enk||||\sb\\\\00|\0\eng\\
=FMT  \\$a  BK
=040  \\$aUk$beng$cUk
=042  \\$aukblsr
=082  04$a306.46$222
=100  1\$aCornford, Tony
=245  10$aInformation systems and new technologies$h[electronic resource] :$btaking shape in use /$cTony Cornford.
=260  \\$aLondon :$bLSE, Dept. of Information Systems,$c2003.
=336  \\$atext$2rdacontent
=337  \\$acomputer$2rdamedia
=338  \\$aonline resource$2rdacarrier
=490  1\$aWorking paper series (LSE Dept. of Information Systems) ;$v122
=538  \\$aMode of access: World Wide Web.
=538  \\$aSystem requirements: Adobe Acrobat Reader.
=500  \\$aTitle from PDF title page (viewed on 12 July, 2005)
=516  \\$aPDF format.
=504  \\$aIncludes bibliographical references.
=650  \0$aHuman-computer interaction.
=650  \0$aInformation technology$xSocial aspects.
=710  2\$aLondon School of Economics and Political Science.$bDepartment of Information Systems.
=856  40$uhttp://is.lse.ac.uk/wp/pdf/WP122.PDF
=830  \0$aWorking paper series (London School of Economics and Political Science. Department of Information Systems) ;$v122.
=852  41$aBritish Library$bHMNTS$j370973$cDRT
=985  \\$aRecord amended for WR# 13/070
=CAT  \\$a10902$b40$c20050705$lBLL01$h0836
=CAT  \\$a8141$b40$c20050712$lBLL01$h1048
=CAT  \\$aUE-01$b00$c20050715$lBLL01$h1510
=CAT  \\$aBATCH-UPD$b00$c20070912$lBLL01$h2022
=CAT  \\$aBATCH$b00$c20080505$lBLL01$h1320
=CAT  \\$aWR10_184$c20101208$lBLL01$h1635
=CAT  \\$aWR12-140$c20121030$lBLL01$h1049
=CAT  \\$aWR13_070$b00$c20130504$lBLL01$h0240
=CAT  \\$aWR13.144/5$c20140418$lBLL01$h0931
=FIN  \\$aY$d20050712
=DRT  \\$aVDEP
=STA  \\$aSUPPRESSED$bWR10_184
=LAS  \\$aWR13.144/5$b00$c20140418$lBLL01$h0931

