=LDR  02250 am a2200541 a 4500
=001  013244550
=003  Uk
=005  20050713115531.0
=006  m\\\\|\\\d\|\\\\\\
=007  cr||||||||||||
=008  050705s2002\\\\enk||||\sb\\\\00|\0\eng\\
=FMT  \\$a  BK
=040  \\$aUk$beng$cUk
=042  \\$aukblsr
=082  04$a808.0665$222
=100  1\$aSørensen, Carsten
=245  10$aThis is not an article$h[electronic resource] :$bjust some thoughts on how to write one /$cCarsten Sørensen.
=260  \\$aLondon :$bLSE, Dept. of Information Systems,$c2002.
=336  \\$atext$2rdacontent
=337  \\$acomputer$2rdamedia
=338  \\$aonline resource$2rdacarrier
=490  1\$aWorking paper series (LSE Dept. of Information Systems) ;$v121
=538  \\$aMode of access: World Wide Web.
=538  \\$aSystem requirements: Adobe Acrobat Reader.
=500  \\$aTitle from PDF title page (viewed on 13 July, 2005)
=500  \\$aAn earlier version of this paper was presented to the 17th Information systems Research seminar in Scandinavia at Syöte Conference Centre, Finland, August 6-9, 1994.Syöte, Finland: Oulu University.
=516  \\$aPDF format.
=504  \\$aIncludes bibliographical references.
=650  \0$aTechnical writing
=710  2\$aLondon School of Economics and Political Science.$bDepartment of Information Systems.
=856  40$uhttp://is.lse.ac.uk/wp/pdf/WP121.PDF
=830  \0$aWorking paper series (London School of Economics and Political Science. Department of Information Systems) ;$v121.
=852  41$aBritish Library$bHMNTS$j371000$cDRT
=985  \\$aRecord amended for WR# 13/070
=CAT  \\$a10902$b40$c20050705$lBLL01$h0843
=CAT  \\$a8141$b40$c20050713$lBLL01$h0951
=CAT  \\$a8141$b40$c20050713$lBLL01$h1155
=CAT  \\$aUE-01$b00$c20050715$lBLL01$h1510
=CAT  \\$aBATCH-UPD$b00$c20070912$lBLL01$h2022
=CAT  \\$aBATCH$b00$c20080505$lBLL01$h1320
=CAT  \\$aWR10_184$c20101208$lBLL01$h1635
=CAT  \\$aWR12-140$c20121030$lBLL01$h1049
=CAT  \\$aWR13_070$b00$c20130504$lBLL01$h0240
=CAT  \\$aWR13.144/5$c20140418$lBLL01$h0931
=FIN  \\$aY$d20050713
=DRT  \\$aVDEP
=STA  \\$aSUPPRESSED$bWR10_184
=LAS  \\$aWR13.144/5$b00$c20140418$lBLL01$h0931

