=LDR  02481 am a2200577 a 4500
=001  013244563
=003  Uk
=005  20050715115351.0
=006  m\\\\|\\\d\|\\\\\\
=007  cr||||||||||||
=008  050705s2002\\\\enk||||\sb\\\\00|\0\eng\\
=FMT  \\$a  BK
=040  \\$aUk$beng$cUk
=042  \\$aukblsr
=082  04$a306.42$222
=100  1\$aLand, Frank,$d1928-
=245  10$aEffective use of internal information$h[electronic resource] /$cF.F. Land and M. Kennedy McGregor.
=260  \\$aLondon :$bLSE, Dept. of Information Systems,$c2002.
=336  \\$atext$2rdacontent
=337  \\$acomputer$2rdamedia
=338  \\$aonline resource$2rdacarrier
=490  1\$aWorking paper series (LSE Dept. of Information Systems) ;$v119
=538  \\$aMode of access: World Wide Web.
=538  \\$aSystem requirements: Adobe Acrobat Reader.
=500  \\$aTitle from PDF title page (viewed on 13 July, 2005)
=500  \\$aFirst published in the Proceedings of Infotech State of the Art Conference, Oct. 1980. Maidenhead : Infotech Limited. Reprinted in a shortened form in Information Analysis: selected readings, R.D. Galliers (ed.), as Information and Information Systems: concepts and perspectives. Addison Wesley, 1987.
=516  \\$aPDF format.
=504  \\$aIncludes bibliographical references.
=650  \0$aInformation technology$xSocial aspects.
=650  \0$aInformation theory.
=650  \0$aSystem analysis.
=700  1\$aKennedy-McGregor, M.$q(Marilyn).
=710  2\$aLondon School of Economics and Political Science.$bDepartment of Information Systems.
=856  40$uhttp://is.lse.ac.uk/wp/pdf/WP119.PDF
=830  \0$aWorking paper series (London School of Economics and Political Science. Department of Information Systems) ;$v119.
=852  41$aBritish Library$bHMNTS$j370965$cDRT
=985  \\$aRecord amended for WR# 13/070
=CAT  \\$a10902$b40$c20050705$lBLL01$h0852
=CAT  \\$a8141$b40$c20050713$lBLL01$h0925
=CAT  \\$a5194$b40$c20050715$lBLL01$h1153
=CAT  \\$aBATCH-UPD$b40$c20070912$lBLL01$h2022
=CAT  \\$aBATCH$b00$c20080505$lBLL01$h1320
=CAT  \\$aWR10_184$c20101208$lBLL01$h1635
=CAT  \\$aWR12-140$c20121030$lBLL01$h1049
=CAT  \\$aWR13_070$b00$c20130504$lBLL01$h0240
=CAT  \\$aWR13.144/5$c20140418$lBLL01$h0931
=CAT  \\$aBATCH-UPD$b00$c20180905$lBLL01$h1551
=FIN  \\$aY$d20050713
=DRT  \\$aVDEP
=STA  \\$aSUPPRESSED$bWR10_184
=LAS  \\$aBATCH-UPD$b00$c20180905$lBLL01$h1551

