=LDR  02055 am a2200553 a 4500
=001  013244571
=003  Uk
=005  20050713120953.0
=006  m\\\\|\\\d\|\\\\\\
=007  cr||||||||||||
=008  050705s2002\\\\enk\\\\\sb\\\\000\0\eng\\
=FMT  \\$a  BK
=040  \\$aUk$beng$cUk
=042  \\$aukblsr
=082  04$a004.6$222
=100  1\$aSørensen, Carsten.
=245  10$aMobile services$h[electronic resource] :$bfunctional diversity and overload /$cCarsten Sørensen, Lars Mathiassen and Masao Kakihara.
=260  \\$aLondon :$bLSE, Dept. of Information Systems,$c2002.
=336  \\$atext$2rdacontent
=337  \\$acomputer$2rdamedia
=338  \\$aonline resource$2rdacarrier
=490  1\$aWorking paper series / LSE Dept. of Information Systems ;$v118
=538  \\$aMode of access: World Wide Web.
=538  \\$aSystem requirements: Adobe Acrobat Reader.
=500  \\$aTitle from PDF title page (viewed on 13 July, 2005)
=516  \\$aPDF format.
=504  \\$aIncludes bibliographical references.
=650  \0$aComputer systems.
=650  \0$aInformation technology.
=650  \0$aTelecommunication systems.
=700  1\$aKakihara, Masao.
=700  1\$aMathiassen, Lars.
=856  40$uhttp://is.lse.ac.uk/wp/pdf/WP118.PDF
=830  \0$aWorking paper series (London School of Economics and Political Science. Department of Information Systems) ;$v118.
=852  41$aBritish Library$bHMNTS$j370981$cDRT
=985  \\$aRecord amended for WR# 13/070
=CAT  \\$a10902$b40$c20050705$lBLL01$h0857
=CAT  \\$a10902$b40$c20050705$lBLL01$h0901
=CAT  \\$a11281$b40$c20050713$lBLL01$h1209
=CAT  \\$aBATCH-UPD$b40$c20070912$lBLL01$h2022
=CAT  \\$aBATCH$b00$c20080505$lBLL01$h1320
=CAT  \\$aWR10_184$c20101208$lBLL01$h1635
=CAT  \\$aWR12-140$c20121030$lBLL01$h1049
=CAT  \\$aWR13_070$b00$c20130504$lBLL01$h0240
=CAT  \\$aWR13.144/5$c20140418$lBLL01$h0931
=FIN  \\$aY$d20050713
=DRT  \\$aVDEP
=STA  \\$aSUPPRESSED$bWR10_184
=LAS  \\$aWR13.144/5$b00$c20140418$lBLL01$h0931

