=LDR  02323 am a2200577 a 4500
=001  013244599
=003  Uk
=005  20050718100452.0
=006  m\\\\|\\\d\|\\\\\\
=007  cr||||||||||||
=008  050705s2002\\\\enk\\\\\sb\\\\000\0\eng\\
=FMT  \\$a  BK
=040  \\$aUk$beng$cUk
=042  \\$aukblsr
=082  04$a658.4038$222
=100  1\$aSørensen, Carsten.
=245  10$aKnowledge discourses and interaction technology$h[electronic resource] /$cCarsten Sørensen and Masao Kakihara.
=260  \\$aLondon :$bLSE, Dept. of Information Systems,$c2002.
=336  \\$atext$2rdacontent
=337  \\$acomputer$2rdamedia
=338  \\$aonline resource$2rdacarrier
=490  1\$aWorking paper series / LSE Dept. of Information Systems ;$v115
=538  \\$aMode of access: World Wide Web.
=538  \\$aSystem requirements: Adobe Acrobat Reader.
=500  \\$aTitle from PDF title page (viewed on 13 July, 2005)
=516  \\$aPDF format.
=500  \\$aA version of ths paper was presented to the thirty-fifth Hawaii international conference on system sciences (HICSS-35) -- p. 2.
=504  \\$aIncludes bibliographical references.
=690  7\$aManagement and Business Studies$2blcoll
=650  \0$aKnowledge management.
=700  1\$aKakihara, Masao.
=711  2\$aHawaii International Conference on System Sciences$n(35th :$d2002 Jan :$nMaui, Hawaii)
=856  40$uhttp://is.lse.ac.uk/wp/pdf/WP115.PDF
=830  \0$aWorking paper series (London School of Economics and Political Science. Department of Information Systems) ;$v115.
=852  41$aBritish Library$bHMNTS$j370978$cDRT
=985  \\$aRecord amended for WR# 13/070
=CAT  \\$a10902$b40$c20050705$lBLL01$h0917
=CAT  \\$a10902$b40$c20050705$lBLL01$h0918
=CAT  \\$a11281$b40$c20050713$lBLL01$h0942
=CAT  \\$a5194$b40$c20050718$lBLL01$h1004
=CAT  \\$aBATCH-UPD$b40$c20070912$lBLL01$h2022
=CAT  \\$aBATCH$b00$c20080505$lBLL01$h1320
=CAT  \\$aBATCH$b00$c20090624$lBLL01$h1702
=CAT  \\$aWR10_184$c20101208$lBLL01$h1635
=CAT  \\$aWR12-140$c20121030$lBLL01$h1049
=CAT  \\$aWR13_070$b00$c20130504$lBLL01$h0240
=CAT  \\$aWR13.144/5$c20140418$lBLL01$h0931
=FIN  \\$aY$d20050713
=DRT  \\$aVDEP
=STA  \\$aSUPPRESSED$bWR10_184
=LAS  \\$aWR13.144/5$b00$c20140418$lBLL01$h0931

