=LDR  02181 am a2200565 a 4500
=001  013244712
=003  Uk
=005  20050712105920.0
=006  m\\\\|\\\d\|\\\\\\
=007  cr||||||||||||
=008  050705s2002\\\\enk\\\\\sb\\\\000\0\eng\\
=FMT  \\$a  BK
=040  \\$aUk$beng$cUk
=042  \\$aukblsr
=082  04$a658.4038$222
=100  1\$aVenters, Will.
=245  10$aCreating knowledge for sustainability$h[electronic resource] :$busing SSM for describing knowledge environments and conceptualising technological interventions /$cWill Venters, Mike Cushman and Tony Cornford.
=260  \\$aLondon :$bLSE, Dept. of Information Systems,$c2002.
=336  \\$atext$2rdacontent
=337  \\$acomputer$2rdamedia
=338  \\$aonline resource$2rdacarrier
=490  1\$aWorking paper series / LSE Dept. of Information Systems ;$v107
=538  \\$aMode of access: World Wide Web.
=538  \\$aSystem requirements: Adobe Acrobat Reader.
=500  \\$aTitle from PDF title page (viewed on 12 July, 2005)
=516  \\$aPDF format.
=504  \\$aIncludes bibliographical references.
=690  7\$aManagement and Business Studies$2blcoll
=650  \0$aConstruction industry.
=650  \0$aKnowledge management.
=650  \0$aKnowledge, Sociology of.
=700  1\$aCornford, Tony.
=700  1\$aCushman, Mike.
=856  40$uhttp://is.lse.ac.uk/wp/pdf/WP107.PDF
=830  \0$aWorking paper series (London School of Economics and Political Science. Department of Information Systems) ;$v107.
=852  41$aBritish Library$bHMNTS$j370962$cDRT
=985  \\$aRecord amended for WR# 13/070
=CAT  \\$a10902$b40$c20050705$lBLL01$h1040
=CAT  \\$a11281$b40$c20050712$lBLL01$h1059
=CAT  \\$aBATCH-UPD$b40$c20070912$lBLL01$h2022
=CAT  \\$aBATCH$b00$c20080505$lBLL01$h1320
=CAT  \\$aBATCH$b00$c20090624$lBLL01$h1702
=CAT  \\$aWR10_184$c20101208$lBLL01$h1635
=CAT  \\$aWR12-140$c20121030$lBLL01$h1049
=CAT  \\$aWR13_070$b00$c20130504$lBLL01$h0240
=CAT  \\$aWR13.144/5$c20140418$lBLL01$h0931
=FIN  \\$aY$d20050712
=DRT  \\$aVDEP
=STA  \\$aSUPPRESSED$bWR10_184
=LAS  \\$aWR13.144/5$b00$c20140418$lBLL01$h0931

