=LDR  02234 am a2200589 a 4500
=001  013244956
=003  Uk
=005  20050712084038.0
=006  m\\\\|\\\d\|\\\\\\
=007  cr||||||||||||
=008  050705s2002\\\\enk\\\\\sb\\\\000\0\eng\\
=FMT  \\$a  BK
=040  \\$aUk$beng$cUk
=042  \\$aukblsr
=082  04$a302.35$222
=245  00$aDangerous liaisons?$h[electronic resource] :$bcomponent-based development and organizational subcultures /$cJimmy C. Huang ... [et al.]
=260  \\$aLondon :$bLSE, Dept. of Information Systems,$c2002.
=336  \\$atext$2rdacontent
=337  \\$acomputer$2rdamedia
=338  \\$aonline resource$2rdacarrier
=490  1\$aWorking paper series / LSE Dept. of Information Systems ;$v104
=538  \\$aMode of access: World Wide Web.
=538  \\$aSystem requirements: Adobe Acrobat Reader.
=500  \\$aTitle from PDF title page (viewed on 12 July, 2005)
=516  \\$aPDF format.
=504  \\$aIncludes bibliographical references.
=690  7\$aManagement and Business Studies$2blcoll
=690  7\$aSocial Welfare$2blcoll
=650  \0$aApplication software$xDevelopment.
=650  \0$aComponent software.
=650  \0$aCorporate culture.
=650  \0$aManagement information systems.
=700  1\$aHuang, Jimmy C.
=856  40$uhttp://is.lse.ac.uk/wp/pdf/WP104.PDF
=830  \0$aWorking paper series (London School of Economics and Political Science. Department of Information Systems) ;$v104.
=852  41$aBritish Library$bHMNTS$j370963$cDRT
=985  \\$aRecord amended for WR# 13/070
=CAT  \\$a10902$b40$c20050705$lBLL01$h1333
=CAT  \\$a11281$b40$c20050712$lBLL01$h0840
=CAT  \\$aBATCH-UPD$b40$c20070912$lBLL01$h2022
=CAT  \\$aBATCH$b00$c20080505$lBLL01$h1320
=CAT  \\$aBATCH$b00$c20090624$lBLL01$h1702
=CAT  \\$aWR10_184$c20101208$lBLL01$h1635
=CAT  \\$aBATCH$b00$c20110625$lBLL01$h0514
=CAT  \\$aBATCH-SWP4$c20110627$lBLL01$h1557
=CAT  \\$aWR12-140$c20121030$lBLL01$h1049
=CAT  \\$aWR13_070$b00$c20130504$lBLL01$h0240
=CAT  \\$aWR13.144/5$c20140418$lBLL01$h0931
=FIN  \\$aY$d20050712
=DRT  \\$aVDEP
=STA  \\$aSUPPRESSED$bWR10_184
=LAS  \\$aWR13.144/5$b00$c20140418$lBLL01$h0931

