=LDR  02785 am a2200697 a 4500
=001  013244982
=003  Uk
=005  20050712091728.0
=006  m\\\\|\\\d\|\\\\\\
=007  cr||||||||||||
=008  050705s2001\\\\enk||||\sb\\\\00|\0\eng\\
=FMT  \\$a  BK
=040  \\$aUk$beng$cUk
=042  \\$aukblsr
=082  04$a302.35$222
=100  1\$aHuang, Jimmy C.
=245  14$aThe myth of a collaborative culture$h[electronic resource] :$bcomponent-based development and the dynamics of organizational sub-cultures /$cJimmy C. Huang, Sue Newell and Robert D. Galliers.
=260  \\$aLondon :$bLSE, Dept. of Information Systems,$c2001.
=336  \\$atext$2rdacontent
=337  \\$acomputer$2rdamedia
=338  \\$aonline resource$2rdacarrier
=490  1\$aWorking paper series (LSE Dept. of Information Systems) ;$v102
=538  \\$aMode of access: World Wide Web.
=538  \\$aSystem requirements: Adobe Acrobat Reader.
=500  \\$aTitle from PDF title page (viewed on 12 July, 2005)
=516  \\$aPDF format.
=504  \\$aIncludes bibliographical references.
=690  7\$aManagement and Business Studies$2blcoll
=690  7\$aSocial Welfare$2blcoll
=650  \0$aApplication software$xDevelopment.
=650  \0$aBank employees$xEffect of technological innovations on$vCase studies.
=650  \0$aComponent software.
=650  \0$aCorporate culture.
=650  \0$aGrounded theory.
=650  \0$aOrganizational change$vCase studies.
=700  1\$aGalliers, Robert,$d1947-
=700  1\$aNewell, Susan.
=710  2\$aLondon School of Economics and Political Science.$bDepartment of Information Systems.
=856  40$uhttp://is.lse.ac.uk/wp/pdf/WP102.PDF
=830  \0$aWorking paper series (London School of Economics and Political Science. Department of Information Systems) ;$v102.
=852  41$aBritish Library$bHMNTS$j370997$cDRT
=985  \\$aRecord amended for WR# 13/070
=CAT  \\$a10902$b40$c20050705$lBLL01$h1346
=CAT  \\$a10902$b40$c20050705$lBLL01$h1347
=CAT  \\$a8141$b40$c20050712$lBLL01$h0907
=CAT  \\$a8141$b40$c20050712$lBLL01$h0917
=CAT  \\$aUE-01$b00$c20050715$lBLL01$h1510
=CAT  \\$aBATCH-UPD$b00$c20070912$lBLL01$h2022
=CAT  \\$aBATCH$b00$c20080505$lBLL01$h1320
=CAT  \\$aBATCH$b00$c20090624$lBLL01$h1702
=CAT  \\$aWR10_184$c20101208$lBLL01$h1635
=CAT  \\$aBATCH$b00$c20110625$lBLL01$h0514
=CAT  \\$aBATCH-SWP4$c20110627$lBLL01$h1557
=CAT  \\$aWR12-140$c20121030$lBLL01$h1049
=CAT  \\$aWR13_070$b00$c20130504$lBLL01$h0240
=CAT  \\$aWR13.144/5$c20140418$lBLL01$h0931
=CAT  \\$aBATCH-UPD$b00$c20161118$lBLL01$h2038
=FIN  \\$aY$d20050712
=DRT  \\$aVDEP
=STA  \\$aSUPPRESSED$bWR10_184
=LAS  \\$aBATCH-UPD$b00$c20161118$lBLL01$h2038

