=LDR  02298 am a2200589 a 4500
=001  013245003
=003  Uk
=005  20050715094152.0
=006  m\\\\|\\\d\|\\\\\\
=007  cr||||||||||||
=008  050705s2004\\\\enk||||\sb\\\\00|\0\eng\\
=FMT  \\$a  BK
=040  \\$aUk$beng$cUk
=042  \\$aukblsr
=082  04$a364.4$222
=100  1\$aWillison, Robert.
=245  10$aUnderstanding and addressing criminal opportunity$h[electronic resource] :$bthe application of situational crime prevention to IS security /$cRobert Willison.
=260  \\$aLondon :$bLSE, Dept. of Information Systems,$c2001.
=336  \\$atext$2rdacontent
=337  \\$acomputer$2rdamedia
=338  \\$aonline resource$2rdacarrier
=490  1\$aWorking paper series (LSE Dept. of Information Systems) ;$v100
=538  \\$aMode of access: World Wide Web.
=538  \\$aSystem requirements: Adobe Acrobat Reader.
=500  \\$aTitle from PDF title page (viewed on 11 July, 2005)
=516  \\$aPDF format.
=504  \\$aIncludes bibliographical references.
=690  7\$aSocial Welfare$2blcoll
=650  \0$aComputer security.
=650  \0$aCrime prevention.
=710  2\$aLondon School of Economics and Political Science.$bDepartment of Information Systems.
=856  40$uhttp://is.lse.ac.uk/wp/pdf/wp100.pdf
=830  \0$aWorking paper series (London School of Economics and Political Science. Department of Information Systems) ;$v100.
=852  41$aBritish Library$bHMNTS$j371001$cDRT
=985  \\$aRecord amended for WR# 13/070
=CAT  \\$a10902$b40$c20050705$lBLL01$h1357
=CAT  \\$a10902$b40$c20050705$lBLL01$h1358
=CAT  \\$a8141$b40$c20050711$lBLL01$h1432
=CAT  \\$a8141$b40$c20050711$lBLL01$h1448
=CAT  \\$a5194$b40$c20050715$lBLL01$h0941
=CAT  \\$aBATCH-UPD$b40$c20070912$lBLL01$h2022
=CAT  \\$aBATCH$b00$c20080505$lBLL01$h1320
=CAT  \\$aWR10_184$c20101208$lBLL01$h1635
=CAT  \\$aBATCH$b00$c20110625$lBLL01$h0514
=CAT  \\$aBATCH-SWP4$c20110627$lBLL01$h1557
=CAT  \\$aWR12-140$c20121030$lBLL01$h1049
=CAT  \\$aWR13_070$b00$c20130504$lBLL01$h0240
=CAT  \\$aWR13.144/5$c20140418$lBLL01$h0931
=FIN  \\$aY$d20050711
=DRT  \\$aVDEP
=STA  \\$aSUPPRESSED$bWR10_184
=LAS  \\$aWR13.144/5$b00$c20140418$lBLL01$h0931

