=LDR  02541 am a2200625 a 4500
=001  013245024
=003  Uk
=005  20050715092025.0
=006  m\\\\|\\\d\|\\\\\\
=007  cr||||||||||||
=008  050705s2001\\\\enk||||\sb\\\\00|\0\eng\\
=FMT  \\$a  BK
=040  \\$aUk$beng$cUk
=042  \\$aukblsr
=082  04$a658.4038$222
=100  10$aWagner, Erica L.
=245  10$aUnfolding new times$h[electronic resource] :$bthe implementation of enterprise resource planning into an academic administration /$cErica L. Wagner and Susan V. Scott.
=260  \\$aLondon :$bLSE, Dept. of Information Systems,$c2001.
=336  \\$atext$2rdacontent
=337  \\$acomputer$2rdamedia
=338  \\$aonline resource$2rdacarrier
=490  1\$aWorking paper series (LSE Dept. of Information Systems) ;$v98
=538  \\$aMode of access: World Wide Web.
=538  \\$aSystem requirements: Adobe Acrobat Reader.
=500  \\$aTitle from PDF title page (viewed on 11 July, 2005)
=516  \\$aPDF format.
=504  \\$aIncludes bibliographical references.
=690  7\$aManagement and Business Studies$2blcoll
=650  \0$aManagement information systems$xHuman factors.
=650  \0$aOrganizational change.
=650  \0$aUniversities and colleges$xInformation resources management.
=650  \0$aUniversities and colleges$zUnited States$xAdministration.
=700  1\$aScott, Susan V.
=710  2\$aLondon School of Economics and Political Science.$bDepartment of Information Systems.
=856  40$uhttp://is.lse.ac.uk/wp/pdf/WP98.PDF
=830  \0$aWorking paper series (London School of Economics and Political Science. Department of Information Systems) ;$v98.
=852  41$aBritish Library$bHMNTS$j371002$cDRT
=985  \\$aRecord amended for WR# 13/070
=CAT  \\$a10902$b40$c20050705$lBLL01$h1405
=CAT  \\$a10902$b40$c20050705$lBLL01$h1406
=CAT  \\$a8141$b40$c20050711$lBLL01$h1304
=CAT  \\$a8141$b40$c20050711$lBLL01$h1322
=CAT  \\$a5194$b40$c20050715$lBLL01$h0920
=CAT  \\$aBATCH-UPD$b40$c20070912$lBLL01$h2022
=CAT  \\$aBATCH$b00$c20080505$lBLL01$h1320
=CAT  \\$aBATCH$b00$c20090624$lBLL01$h1702
=CAT  \\$aWR10_184$c20101208$lBLL01$h1635
=CAT  \\$aWR12-140$c20121030$lBLL01$h1049
=CAT  \\$aWR13_070$b00$c20130504$lBLL01$h0240
=CAT  \\$aWR13.144/5$c20140418$lBLL01$h0931
=CAT  \\$aBATCH-UPD$b00$c20160309$lBLL01$h1720
=FIN  \\$aY$d20050711
=DRT  \\$aVDEP
=STA  \\$aSUPPRESSED$bWR10_184
=LAS  \\$aBATCH-UPD$b00$c20160309$lBLL01$h1720

