=LDR  02629 am a2200625 a 4500
=001  013247453
=003  Uk
=005  20050715090809.0
=006  m\\\\|\\\d\|\\\\\\
=007  co||||||||||||
=008  050707s2001\\\\enk||||\sb\\\\10|\0\eng\\
=FMT  \\$a  BK
=040  \\$aUk$beng$cUk
=042  \\$aukblsr
=082  04$a690.0684$222
=100  1\$aCushman, Mike.
=245  10$aLearning from partners in the construction industry$h[electronic resource]$ba feedback approach to cross-organizational learning /$cMike Cushman, L. Alberto Franco and Jonathan Rosenhead.
=260  \\$aLondon :$bLSE, Dept. of Information Systems,$c2001.
=336  \\$atext$2rdacontent
=337  \\$acomputer$2rdamedia
=338  \\$acomputer disc$2rdacarrier
=490  1\$aWorking paper series (LSE Dept. of Information Systems) ;$v97
=538  \\$aMode of access: World Wide Web.
=538  \\$aSystem requirements: Adobe Acrobat Reader.
=500  \\$aTitle from PDF title page (viewed on 11 July, 2005)
=516  \\$aPDF format.
=504  \\$aIncludes bibliographical references.
=500  \\$aPresented to the 8th International Conference in Multi-Organizational Partnerships and Co-operative Strategy, Bristol, July 2001.
=650  \0$aConstruction industry$zGreat Britain$xManagement.
=650  \0$aOrganizational learning.
=650  \0$aPartnership.
=650  \0$aProblem solving.
=650  \0$aProject management.
=700  1\$aFranco, L. Alberto.
=700  1\$aRosenhead, Jonathan.
=710  2\$aLondon School of Economics and Political Science.$bDepartment of Information Systems.
=711  2\$aInternational Conference in Multi-Organizational Partnerships and Co-operative Strategy$n(8th :$d2001 :$cBristol, England)
=856  40$uhttp://is.lse.ac.uk/wp/pdf/WP97.PDF
=830  \0$aWorking paper series (London School of Economics and Political Science. Department of Information Systems) ;$v97.
=852  41$aBritish Library$bHMNTS$j370979$cDRT
=985  \\$aRecord amended for WR# 13/070
=CAT  \\$a10902$b40$c20050707$lBLL01$h0851
=CAT  \\$a8141$b40$c20050711$lBLL01$h1157
=CAT  \\$a8141$b40$c20050711$lBLL01$h1305
=CAT  \\$a5194$b40$c20050715$lBLL01$h0908
=CAT  \\$aBATCH-UPD$b40$c20070912$lBLL01$h2022
=CAT  \\$aBATCH$b00$c20080505$lBLL01$h1320
=CAT  \\$aWR10_184$c20101208$lBLL01$h1635
=CAT  \\$aWR12-140$c20121030$lBLL01$h1049
=CAT  \\$aWR13_070$b00$c20130504$lBLL01$h0240
=CAT  \\$aWR13.144/5$c20140418$lBLL01$h0931
=FIN  \\$aY$d20050711
=DRT  \\$aVDEP
=STA  \\$aSUPPRESSED$bWR10_184
=LAS  \\$aWR13.144/5$b00$c20140418$lBLL01$h0931

