=LDR  02023 am a2200553 a 4500
=001  013247461
=003  Uk
=005  20050715093450.0
=006  m\\\\|\\\d\|\\\\\\
=007  cr||||||||||||
=008  050707s2001\\\\enk\\\\\s\\\\\000\0\eng\\
=FMT  \\$a  BK
=040  \\$aUk$beng$cUk
=042  \\$aukblsr
=082  04$a303.483$222
=100  1\$aLand, Frank,$d1928-
=245  15$a"The information revolution"$h[electronic resource] /$cFrank Land.
=260  \\$aLondon :$bLSE, Dept. of Information Systems,$c2001.
=336  \\$atext$2rdacontent
=337  \\$acomputer$2rdamedia
=338  \\$aonline resource$2rdacarrier
=490  1\$aWorking paper series / LSE Dept. of Information Systems ;$v95
=538  \\$aMode of access: World Wide Web.
=538  \\$aSystem requirements: Adobe Acrobat Reader.
=500  \\$aTitle from PDF title page (viewed on 11 July, 2005)
=516  \\$aPDF format.
=690  7\$aSocial Welfare$2blcoll
=650  \0$aComputers and civilization.
=650  \0$aTechnological innovations.
=856  40$uhttp://is.lse.ac.uk/wp/pdf/WP95.PDF
=830  \0$aWorking paper series (London School of Economics and Political Science. Department of Information Systems) ;$v95.
=852  41$aBritish Library$bHMNTS$j370996$cDRT
=985  \\$aRecord amended for WR# 13/070
=CAT  \\$a10902$b40$c20050707$lBLL01$h0858
=CAT  \\$a10902$b40$c20050707$lBLL01$h0859
=CAT  \\$a11281$b40$c20050711$lBLL01$h1409
=CAT  \\$a5194$b40$c20050715$lBLL01$h0934
=CAT  \\$aBATCH-UPD$b40$c20070912$lBLL01$h2022
=CAT  \\$aBATCH$b00$c20080505$lBLL01$h1320
=CAT  \\$aWR10_184$c20101208$lBLL01$h1635
=CAT  \\$aBATCH$b00$c20110625$lBLL01$h0515
=CAT  \\$aBATCH-SWP4$c20110627$lBLL01$h1557
=CAT  \\$aWR12-140$c20121030$lBLL01$h1049
=CAT  \\$aWR13_070$b00$c20130504$lBLL01$h0240
=CAT  \\$aWR13.144/5$c20140418$lBLL01$h0931
=FIN  \\$aY$d20050711
=DRT  \\$aVDEP
=STA  \\$aSUPPRESSED$bWR10_184
=LAS  \\$aWR13.144/5$b00$c20140418$lBLL01$h0931

