=LDR  02276 am a2200589 a 4500
=001  013247474
=003  Uk
=005  20050711114908.0
=006  m\\\\|\\\d\|\\\\\\
=007  cr||||||||||||
=008  050707s2000\\\\enk\\\\\sb\\\\000\0\eng\\
=FMT  \\$a  BK
=040  \\$aUk$beng$cUk
=042  \\$aukblsr
=082  04$a658.4038$222
=100  1\$aCiborra, Claudio.
=245  10$a"Knowledge across boundaries$h[electronic resource] :$bmanaging knowledge in distributed organizations" /$cClaudio U. Ciborra and Rafael Andreu.
=260  \\$aLondon :$bLSE, Dept. of Information Systems,$c2000.
=336  \\$atext$2rdacontent
=337  \\$acomputer$2rdamedia
=338  \\$aonline resource$2rdacarrier
=490  1\$aWorking paper series / LSE Dept. of Information Systems ;$v93
=538  \\$aMode of access: World Wide Web.
=538  \\$aSystem requirements: Adobe Acrobat Reader.
=500  \\$aTitle from PDF title page (viewed on 11 July, 2005)
=516  \\$aPDF format.
=504  \\$aIncludes bibliographical references.
=690  7\$aManagement and Business Studies$2blcoll
=650  \0$aKnowledge management.
=700  1\$aAndreu, Rafael C.$q(Rafael Civit).
=856  40$uhttp://is.lse.ac.uk/wp/pdf/WP93.PDF
=830  \0$aWorking paper series (London School of Economics and Political Science. Department of Information Systems) ;$v93.
=852  41$aBritish Library$bHMNTS$j370977$cDRT
=985  \\$aCorrected by BSS-generated file
=985  \\$aRecord amended for WR# 13/070
=CAT  \\$a10902$b40$c20050707$lBLL01$h0907
=CAT  \\$a11281$b40$c20050711$lBLL01$h1120
=CAT  \\$a11281$b40$c20050711$lBLL01$h1149
=CAT  \\$aBATCH-UPD$b40$c20070912$lBLL01$h2022
=CAT  \\$aBATCH$b00$c20080505$lBLL01$h1320
=CAT  \\$aBLSS-CORR$b00$c20080705$lBLL01$h2159
=CAT  \\$aBATCH$b00$c20090624$lBLL01$h1702
=CAT  \\$aWR10_184$c20101208$lBLL01$h1635
=CAT  \\$aWR12-140$c20121030$lBLL01$h1049
=CAT  \\$aWR13_070$b00$c20130504$lBLL01$h0240
=CAT  \\$aWR13_070C$c20130611$lBLL01$h1852
=CAT  \\$aWR13.144/5$c20140418$lBLL01$h0931
=CAT  \\$aBATCH-UPD$b00$c20200613$lBLL01$h1719
=FIN  \\$aY$d20050711
=DRT  \\$aVDEP
=STA  \\$aSUPPRESSED$bWR10_184
=LAS  \\$aBATCH-UPD$b00$c20200613$lBLL01$h1719

