=LDR  02159 am a2200565 a 4500
=001  013247603
=003  Uk
=005  20050711114615.0
=006  m\\\\|\\\d\|\\\\\\
=007  cr||||||||||||
=008  050707s2000\\\\enk\\\\\sb\\\\000\0\eng\\
=FMT  \\$a  BK
=040  \\$aUk$beng$cUk
=042  \\$aukblsr
=082  04$a004.019$222
=100  1\$aPouloudi, Athanasia.
=245  10$a"Representing human and non-human stakeholders$h[electronic resource] :$bon speaking with authority" /$cAthanasia Pouloudi and Edgar A. Whitley.
=260  \\$aLondon :$bLSE, Dept. of Information Systems,$c2000.
=336  \\$atext$2rdacontent
=337  \\$acomputer$2rdamedia
=338  \\$aonline resource$2rdacarrier
=490  1\$aWorking paper series / LSE Dept. of Information Systems ;$v88
=538  \\$aMode of access: World Wide Web.
=538  \\$aSystem requirements: Adobe Acrobat Reader.
=500  \\$aTitle from PDF title page (viewed on 11 July, 2005)
=516  \\$aPDF format.
=504  \\$aIncludes bibliographical references.
=650  \0$aHuman-computer interaction.
=700  1\$aWhitley, Edgar A.
=856  40$uhttp://is.lse.ac.uk/wp/pdf/WP88.PDF
=830  \0$aWorking paper series (London School of Economics and Political Science. Department of Information Systems) ;$v88.
=852  41$aBritish Library$bHMNTS$j370989$cDRT
=985  \\$aCorrected by BSS-generated file
=985  \\$aRecord amended for WR# 13/070
=CAT  \\$a10902$b40$c20050707$lBLL01$h1042
=CAT  \\$a10902$b40$c20050707$lBLL01$h1043
=CAT  \\$a11281$b40$c20050711$lBLL01$h0829
=CAT  \\$a11281$b40$c20050711$lBLL01$h1146
=CAT  \\$aBATCH-UPD$b40$c20070912$lBLL01$h2022
=CAT  \\$aBATCH$b00$c20080505$lBLL01$h1320
=CAT  \\$aBLSS-CORR$b00$c20080705$lBLL01$h2159
=CAT  \\$aWR10_184$c20101208$lBLL01$h1635
=CAT  \\$aWR12-140$c20121030$lBLL01$h1049
=CAT  \\$aWR13_070$b00$c20130504$lBLL01$h0240
=CAT  \\$aWR13_070C$c20130611$lBLL01$h1852
=CAT  \\$aWR13.144/5$c20140418$lBLL01$h0931
=FIN  \\$aY$d20050711
=DRT  \\$aVDEP
=STA  \\$aSUPPRESSED$bWR10_184
=LAS  \\$aWR13.144/5$b00$c20140418$lBLL01$h0931

