=LDR  02030 am a2200577 a 4500
=001  013252690
=003  Uk
=005  20050929142328.0
=006  m\\\\|\\\d\|\\\\\\
=007  cr||||||||||||
=008  050714s2005\\\\enk||||\s||||o00|\0\eng\\
=FMT  \\$a  BK
=015  \\$aGBA583149$2bnb
=020  \\$cNo price
=040  \\$aUk$beng$cUk
=042  \\$aukblsr
=082  04$a577.55$222
=100  1\$aSemere, Tzehaye.
=245  14$aThe effects of energy grass plantations on biodiversity$h[electronic resource] :$ba preliminary study /$c[prapared by Tzehaye Semere & Fred Slater].
=260  \\$a[London] :$bDTI,$c2005.
=336  \\$atext$2rdacontent
=337  \\$acomputer$2rdamedia
=338  \\$aonline resource$2rdacarrier
=538  \\$aMode of access: World Wide Web.
=538  \\$aSystem requirements: Adobe Acrobat Reader.
=500  \\$aTitle from PDF title page.
=516  \\$aPDF format.
=500  \\$aPublisher's no.: URN 05/1307.
=500  \\$aContract no.: B/CR/00782/00/00.
=500  \\$aDescribed as final report.
=650  \0$aBiological diversity.
=650  \0$aEnergy crops.
=700  1\$aSlater, F. M.
=710  1\$aGreat Britain.$bDepartment of Trade and Industry.
=856  40$uhttp://www.dti.gov.uk/renewables/publications/pdfs/bcr007820000.pdf?pubpdfdload=05%2F1307
=852  41$aBritish Library$bHMNTS$j404001$cDRT
=985  \\$aRecord amended for WR# 13/070
=CAT  \\$a10902$b40$c20050714$lBLL01$h1437
=CAT  \\$a10902$b40$c20050714$lBLL01$h1438
=CAT  \\$a8141$b40$c20050929$lBLL01$h1423
=CAT  \\$aBATCH-UPD$b40$c20070723$lBLL01$h1558
=CAT  \\$aBATCH-UPD$b40$c20070912$lBLL01$h2022
=CAT  \\$aBATCH$b00$c20080505$lBLL01$h1320
=CAT  \\$aWR10_184$c20101208$lBLL01$h1635
=CAT  \\$aWR12-140$c20121030$lBLL01$h1049
=CAT  \\$aWR13_070$b00$c20130504$lBLL01$h0240
=CAT  \\$aWR13.144/5$c20140418$lBLL01$h0932
=FIN  \\$aY$d20050929
=DRT  \\$aVDEP
=STA  \\$aSUPPRESSED$bWR10_184
=LAS  \\$aWR13.144/5$b00$c20140418$lBLL01$h0932

