=LDR  01920 am a2200577 a 4500
=001  013252697
=003  Uk
=005  20050930084218.0
=006  m\\\\|\\\d\|\\\\\\
=007  cr||||||||||||
=008  050714s2005\\\\enk||||\s||||o00|\0\eng\\
=FMT  \\$a  BK
=015  \\$aGBA583192$2bnb
=020  \\$cNo price
=040  \\$aUk$beng$cUk
=042  \\$aukblsr
=082  04$a662.88$222
=245  00$aLow cost co-utilisation of biomass.$h[electronic resource]
=260  \\$a[London] :$bDTI,$c2005.
=336  \\$atext$2rdacontent
=337  \\$acomputer$2rdamedia
=338  \\$aonline resource$2rdacarrier
=538  \\$aMode of access: World Wide Web.
=538  \\$aSystem requirements: Adobe Acrobat Reader.
=500  \\$aTitle from PDF title page.
=516  \\$aPDF format.
=500  \\$aPublisher's no.: URN 05/1310.
=500  \\$aContract no.: BU 1726.
=650  \0$aBiomass$xCombustion.
=650  \0$aBoilers$xCorrosion.
=650  \0$aCo-combustion.
=650  \0$aCoal-fired power plants$xFuel.
=650  \0$aWaste products as fuel.
=700  1\$aIrons, R.
=710  1\$aGreat Britain.$bDepartment of Trade and Industry.
=856  40$uhttp://www.dti.gov.uk/renewables/publications/pdfs/bu17261.pdf?pubpdfdload=05%2F1310
=852  41$aBritish Library$bHMNTS$j404011$cDRT
=985  \\$aRecord amended for WR# 13/070
=CAT  \\$a10902$b40$c20050714$lBLL01$h1443
=CAT  \\$a8141$b40$c20050930$lBLL01$h0842
=CAT  \\$aBATCH-UPD$b40$c20070723$lBLL01$h1558
=CAT  \\$aBATCH-UPD$b40$c20070912$lBLL01$h2022
=CAT  \\$aBATCH$b00$c20080505$lBLL01$h1320
=CAT  \\$aWR10_184$c20101208$lBLL01$h1635
=CAT  \\$aWR12-140$c20121030$lBLL01$h1049
=CAT  \\$aWR13_070$b00$c20130504$lBLL01$h0240
=CAT  \\$aWR13.144/5$c20140418$lBLL01$h0932
=FIN  \\$aY$d20050930
=DRT  \\$aVDEP
=STA  \\$aSUPPRESSED$bWR10_184
=LAS  \\$aWR13.144/5$b00$c20140418$lBLL01$h0932

