=LDR  01795 am a2200529 a 4500
=001  013259328
=003  Uk
=005  20050914114850.0
=006  m\\\\|\\\d\|\\\\\\
=007  cr||||||||||||
=008  050725s2005\\\\enk||||\s||||\00|\f\eng\\
=FMT  \\$a  BK
=015  \\$aGBA576666$2bnb
=020  \\$a190540901X :$c£3.99
=040  \\$aUk$beng$cUk
=042  \\$aukblsr
=082  04$a823.92$222
=100  1\$aPage, David.
=245  10$aCovered in Greece$h[electronic resource] :$beulogy to the Greek people /$cDavid Page.
=260  \\$aHolmfirth :$bdownloadastory.com,$c2005.
=336  \\$atext$2rdacontent
=337  \\$acomputer$2rdamedia
=338  \\$aonline resource$2rdacarrier
=538  \\$aMode of access: Internet.
=538  \\$aSystem requirements: PC, Mac or Palm OS; Adobe Acrobat Reader (Version 7 recommended)
=500  \\$aTitle from PDF title page.
=516  \\$aPDF format.
=500  \\$aPassword required.
=600  14$aPage, David.
=650  \0$aGreeks$xSocial life and customs$vFiction.
=651  \0$aGreece$vFiction.
=856  40$uhttp://downloadastory.com/
=852  41$aBritish Library$bHMNTS$j390600$cDRT
=CAT  \\$a10902$b40$c20050725$lBLL01$h1431
=CAT  \\$a10902$b40$c20050725$lBLL01$h1432
=CAT  \\$a8141$b40$c20050912$lBLL01$h1301
=CAT  \\$a8141$b40$c20050912$lBLL01$h1303
=CAT  \\$a8141$b40$c20050912$lBLL01$h1331
=CAT  \\$a8141$b40$c20050913$lBLL01$h0949
=CAT  \\$a5194$b40$c20050914$lBLL01$h1148
=CAT  \\$aBATCH$b00$c20080505$lBLL01$h1320
=CAT  \\$aWR13.144/5$c20140418$lBLL01$h0932
=CAT  \\$aW1711-1225$c20171203$lBLL01$h1022
=FIN  \\$aY$d20050912
=DRT  \\$aVDEP
=STA  \\$aSUPPRESSED$bunable to determine reason for suppression
=LAS  \\$aW1711-1225$b00$c20171203$lBLL01$h1022

