=LDR  01517 am a2200457 a 4500
=001  013259341
=003  Uk
=005  20050914113602.0
=006  m\\\\|\\\d\|\\\\\\
=007  cr||||||||||||
=008  050725s2005\\\\enk||||\s||||\00|\j\eng\\
=FMT  \\$a  BK
=015  \\$aGBA577038$2bnb
=020  \\$a1905409036 :$c£1.29
=040  \\$aUk$beng$cUk
=042  \\$aukblsr
=082  04$a823.92$222
=100  1\$aDotterell, Tarquin.
=245  14$aThe little cloth bag$h[electronic resource] /$cTarquin Dotterell.
=260  \\$aHolmfirth :$bdownloadastory.com,$c2005.
=336  \\$atext$2rdacontent
=337  \\$acomputer$2rdamedia
=338  \\$aonline resource$2rdacarrier
=538  \\$aMode of access: Internet.
=538  \\$aSystem requirements: PC, Mac or Palm OS; Adobe Acrobat Reader (Version 7 recommended)
=500  \\$aTitle from PDF title page.
=516  \\$aPDF format.
=500  \\$aPassword required.
=856  40$uhttp://downloadastory.com/
=852  41$aBritish Library$bHMNTS$j390605$cDRT
=CAT  \\$a10902$b40$c20050725$lBLL01$h1438
=CAT  \\$a8141$b40$c20050913$lBLL01$h0838
=CAT  \\$a8141$b40$c20050913$lBLL01$h0844
=CAT  \\$a5194$b40$c20050914$lBLL01$h1136
=CAT  \\$aBATCH$b00$c20080505$lBLL01$h1320
=CAT  \\$aWR13.144/5$c20140418$lBLL01$h0932
=CAT  \\$aW1711-1225$c20171203$lBLL01$h1022
=FIN  \\$aY$d20050913
=DRT  \\$aVDEP
=STA  \\$aSUPPRESSED$bunable to determine reason for suppression
=LAS  \\$aW1711-1225$b00$c20171203$lBLL01$h1022

