=LDR  02056 am a2200589 a 4500
=001  013285080
=003  Uk
=005  20050929092135.0
=006  m\\\\|\\\d\|\\\\\\
=007  cr||||||||||||
=008  050901s2005\\\\enk||||\s||||\00|\0\eng\\
=FMT  \\$a  BK
=015  \\$aGBA583080$2bnb
=020  \\$a1842801007 :$c£48.33
=040  \\$aUk$beng$cUk
=042  \\$aukblsr
=082  04$a658.478$222
=100  1\$aJohnstone-Bryden, Ian M.
=245  10$aInformation & communications risk$h[electronic resource] /$cIan M. Johnstone-Bryden.
=260  \\$aHalesworth :$bNighthawk,$c2005.
=336  \\$atext$2rdacontent
=337  \\$acomputer$2rdamedia
=338  \\$aonline resource$2rdacarrier
=490  0\$aRisk manager's handbook ;$vno. 5
=538  \\$aMode of access: Email.
=538  \\$aSystem requirements: Adobe Acrobat Reader.
=500  \\$aTitle from PDF title page.
=516  \\$aPDF format.
=530  \\$aAlso issued in print format (on demand)
=500  \\$aAlso issued in CD-ROM format.
=650  \0$aComputer security$xManagement.
=650  \0$aComputers$xAccess control.
=650  \0$aBusiness enterprises$xComputer networks$xSecurity measures.
=650  \0$aBusiness enterprises$xSecurity measures.
=650  \0$aRisk management.
=690  7\$aManagement and Business Studies$2blcoll
=856  40$uhttp://nighthawk.firetrench.com/shop/uk/RMHB5uk.html
=852  41$aBritish Library$bHMNTS$j403828$cDRT
=CAT  \\$a7750$b40$c20050901$lBLL01$h1438
=CAT  \\$a7750$b40$c20050901$lBLL01$h1439
=CAT  \\$a8141$b40$c20050929$lBLL01$h0920
=CAT  \\$a8141$b40$c20050929$lBLL01$h0921
=CAT  \\$aBATCH-UPD$b40$c20070912$lBLL01$h2022
=CAT  \\$aBATCH$b00$c20080505$lBLL01$h1320
=CAT  \\$aBATCH$b00$c20090624$lBLL01$h1704
=CAT  \\$aWR10_184$c20101208$lBLL01$h1635
=CAT  \\$aWR12-140$c20121030$lBLL01$h1049
=CAT  \\$aWR13.144/5$c20140418$lBLL01$h0932
=FIN  \\$aY$d20050929
=DRT  \\$aVDEP
=STA  \\$aSUPPRESSED$bWR10_184
=LAS  \\$aWR13.144/5$b00$c20140418$lBLL01$h0932

