=LDR  01939 am a2200577 a 4500
=001  013285086
=003  Uk
=005  20050929091523.0
=006  m\\\\|\\\d\|\\\\\\
=007  cr||||||||||||
=008  050901s2003\\\\enk||||\s||||\00|\0\eng\\
=FMT  \\$a  BK
=015  \\$aGBA583058$2bnb
=020  \\$a1842800671 :$c£34.52
=040  \\$aUk$beng$cUk
=042  \\$aukblsr
=082  04$a613.69$222
=100  1\$aJohnstone-Bryden, Ian M.
=245  10$aProtect and survive$h[electronic resource] /$bIan M. Johnstone-Bryden.
=260  \\$aHalesworth :$bNighthawk,$c2003.
=336  \\$atext$2rdacontent
=337  \\$acomputer$2rdamedia
=338  \\$aonline resource$2rdacarrier
=490  1\$aRisk manager's handbook ;$vno. 4
=538  \\$aMode of access: Email
=538  \\$aSystem requirements: Adobe Acrobat Reader.
=500  \\$aTitle from PDF title page.
=516  \\$aPDF format.
=530  \\$aAlso issued in print format (on demand)
=500  \\$aAlso issued in CD-ROM format.
=650  \0$aEmergency management.
=650  \0$aSurvival.
=856  40$uhttp://nighthawk.firetrench.com/shop/uk/RMHB4uk.html
=830  \0$aRisk manager's handbook ;$vno. 4
=852  41$aBritish Library$bHMNTS$j403829$cDRT
=CAT  \\$a7750$b40$c20050901$lBLL01$h1442
=CAT  \\$a7750$b40$c20050901$lBLL01$h1443
=CAT  \\$a8141$b40$c20050928$lBLL01$h1735
=CAT  \\$a8141$b40$c20050929$lBLL01$h0915
=CAT  \\$aBATCH-UPD$b40$c20070912$lBLL01$h2022
=CAT  \\$aBATCH$b00$c20080505$lBLL01$h1320
=CAT  \\$aBATCH$b00$c20091217$lBLL01$h0359
=CAT  \\$aBATCH$b00$c20100103$lBLL01$h1154
=CAT  \\$aWR10_184$c20101208$lBLL01$h1635
=CAT  \\$a11249$b40$c20110812$lBLL01$h1637
=CAT  \\$aWR12-140$c20121030$lBLL01$h1049
=CAT  \\$aWR13.144/5$c20140418$lBLL01$h0932
=FIN  \\$aY$d20050928
=DRT  \\$aVDEP
=STA  \\$aSUPPRESSED$bWR10_184
=LAS  \\$aWR13.144/5$b00$c20140418$lBLL01$h0932

