=LDR  01955 am a2200553 a 4500
=001  013292958
=003  Uk
=005  20051010151032.0
=006  m\\\\|\\\d\|\\\\\\
=007  cr||||||||||||
=008  050914s2005\\\\enk||||\s||||o00|\0\eng\\
=FMT  \\$a  BK
=015  \\$aGBA585194$2bnb
=020  \\$cNo price
=040  \\$aUk$beng$cUk
=042  \\$aukblsr
=082  04$a621.312134$222
=245  00$aStingray tidal stream energy device$h[electronic resource] :$bphase 3.
=260  \\$a[London] :$bDTI,$c2005.
=336  \\$atext$2rdacontent
=337  \\$acomputer$2rdamedia
=338  \\$aonline resource$2rdacarrier
=538  \\$aMode of access: World Wide Web.
=538  \\$aSystem requirements: Adobe Acrobat Reader.
=500  \\$aTitle from PDF title page.
=500  \\$aPublisher's no.: URN No 05/864.
=500  \\$aContract no.: T/06/00230/00/00.
=650  \0$aTidal power$zScotland$zYell.
=650  \0$aTidal wave power$xEconomic aspects$zGreat Britain.
=650  \0$aHydroelectric generators.
=650  \0$aHydroelectric generators$xEconomic aspects$zGreat Britain.
=710  2\$aDTI New & Renewable Energy Programme
=710  2\$aEngineering Business (Firm)
=856  40$uhttp://www.dti.gov.uk/renewables/publications/pdfs/t06002301.pdf?pubpdfdload=05%2F864
=852  41$aBritish Library$bHMNTS$j471458$cDRT
=CAT  \\$a7750$b40$c20050914$lBLL01$h0903
=CAT  \\$a7750$b40$c20050914$lBLL01$h0905
=CAT  \\$a8141$b40$c20051010$lBLL01$h1423
=CAT  \\$a8141$b40$c20051010$lBLL01$h1429
=CAT  \\$a8141$b40$c20051010$lBLL01$h1510
=CAT  \\$aBATCH-UPD$b40$c20070912$lBLL01$h2022
=CAT  \\$aBATCH$b00$c20080505$lBLL01$h1320
=CAT  \\$aWR10_184$c20101208$lBLL01$h1636
=CAT  \\$aWR12-140$c20121030$lBLL01$h1049
=CAT  \\$aWR13.144/5$c20140418$lBLL01$h0933
=FIN  \\$aY$d20051010
=DRT  \\$aVDEP
=STA  \\$aSUPPRESSED$bWR10_184
=LAS  \\$aWR13.144/5$b00$c20140418$lBLL01$h0933

