=LDR  01887 am a2200541 a 4500
=001  013292962
=003  Uk
=005  20051011085551.0
=006  m\\\\|\\\d\|\\\\\\
=007  cr||||||||||||
=008  050914s2005\\\\enk||||\s||||o00|\0\eng\\
=FMT  \\$a  BK
=015  \\$aGBA585209$2bnb
=020  \\$cprice
=040  \\$aUk$beng$cUk
=042  \\$aukblsr
=082  04$a620.4162$222
=245  00$aEB frond wave energy converter$h[electronic resource] :$bphase 2.
=260  \\$a[London] :$bDTI,$c2005.
=336  \\$atext$2rdacontent
=337  \\$acomputer$2rdamedia
=338  \\$aonline resource$2rdacarrier
=538  \\$aMode of access: World Wide Web.
=538  \\$aSystem requirements: Adobe Acrobat Reader.
=500  \\$aTitle from PDF title page.
=500  \\$aPublisher's no.: URN No 05/865.
=500  \\$aContract no.: T/06/00204/00/REP.
=650  \0$aHydroelectric generators.
=650  \0$aHydroelectric generators$xEconomic aspects$zGreat Britain.
=650  \0$aOcean wave power.
=650  \0$aOcean wave power$xEconomic aspects$zGreat Britain.
=710  2\$aDTI New & Renewable Energy Programme
=710  2\$aEngineering Business (Firm)
=856  40$uhttp://www.dti.gov.uk/renewables/publications/pdfs/v06002041.pdf?pubpdfdload=05%2F865
=852  41$aBritish Library$bHMNTS$j471457$cDRT
=CAT  \\$a7750$b40$c20050914$lBLL01$h0906
=CAT  \\$a7750$b40$c20050914$lBLL01$h0908
=CAT  \\$a8141$b40$c20051010$lBLL01$h1514
=CAT  \\$a8141$b40$c20051011$lBLL01$h0855
=CAT  \\$aBATCH-UPD$b40$c20070912$lBLL01$h2022
=CAT  \\$aBATCH$b00$c20080505$lBLL01$h1320
=CAT  \\$aWR10_184$c20101208$lBLL01$h1636
=CAT  \\$aWR12-140$c20121030$lBLL01$h1049
=CAT  \\$aWR13.144/5$c20140418$lBLL01$h0933
=FIN  \\$aY$d20051010
=DRT  \\$aVDEP
=STA  \\$aSUPPRESSED$bWR10_184
=LAS  \\$aWR13.144/5$b00$c20140418$lBLL01$h0933

