=LDR  01641 am a2200457 a 4500
=001  013294483
=003  Uk
=005  20050919094827.0
=006  m\\\\|\\\d\|\\\\\\
=007  cr||||||||||||
=008  050916s2005\\\\enk||||\s||||o00|\0\eng\\
=FMT  \\$a  BK
=040  \\$aUk$beng$cUk
=042  \\$aukblsr
=082  04$a384.34068$222
=245  00$aInformation security$h[electronic resource] :$be-mail checklist.
=260  \\$a[London] :$bDTI,$c[2005].
=336  \\$atext$2rdacontent
=337  \\$acomputer$2rdamedia
=338  \\$aonline resource$2rdacarrier
=538  \\$aMode of access: World Wide Web.
=538  \\$aSystem requirements: Adobe Acrobat Reader.
=500  \\$aTitle from p.1 of PDF file (as viewed on 19 Sept. 2005)
=516  \\$aPDF format.
=500  \\$aPublisher's no.: URN 05/690.
=650  \0$aElectronic mail systems$xSecurity measures
=710  1\$aGreat Britain.$bDepartment of Trade and Industry.
=856  40$uhttp://www.dti.gov.uk/industries/information_security/pdfs/E_mail.pdf?pubpdfdload=05%2F690
=852  41$aBritish Library$bHMNTS$j472083$cDRT
=985  \\$aRecord amended for WR# 13/070
=CAT  \\$a6524$b40$c20050916$lBLL01$h1351
=CAT  \\$a6524$b40$c20050916$lBLL01$h1352
=CAT  \\$a8141$b40$c20050919$lBLL01$h0948
=CAT  \\$aBATCH$b00$c20080505$lBLL01$h1320
=CAT  \\$aWR13_070$b00$c20130504$lBLL01$h0241
=CAT  \\$aWR13.144/5$c20140418$lBLL01$h0933
=CAT  \\$aW1711-1225$c20171203$lBLL01$h1022
=FIN  \\$aY$d20050919
=DRT  \\$aVDEP
=STA  \\$aSUPPRESSED$bunable to determine reason for suppression
=LAS  \\$aW1711-1225$b00$c20171203$lBLL01$h1022

