=LDR  01745 am a2200481 a 4500
=001  013294546
=003  Uk
=005  20050920090906.0
=006  m\\\\|\\\d\|\\\\\\
=007  cr||||||||||||
=008  050916s2005\\\\enk||||\s||||o00|\0\eng\\
=FMT  \\$a  BK
=040  \\$aUk$beng$cUk
=042  \\$aukblsr
=082  04$a658.478$222
=245  00$aInformation security$h[electronic resource] :$bincident handling checklist.
=260  \\$a[London] :$bDTI,$c[2005].
=336  \\$atext$2rdacontent
=337  \\$acomputer$2rdamedia
=338  \\$aonline resource$2rdacarrier
=538  \\$aMode of access: World Wide Web.
=538  \\$aSystem requirements: Adobe Acrobat Reader.
=500  \\$aTitle from p.1 of PDF file (as viewed on 19 Sept. 2005)
=516  \\$aPDF format.
=500  \\$aPublisher's no.: URN 05/692.
=650  \0$aComputer crimes$xInvestigation.
=650  \0$aComputer security$xManagement.
=710  1\$aGreat Britain.$bDepartment of Trade and Industry.
=856  40$uhttp://www.dti.gov.uk/industries/information_security/pdfs/Incident_handling.pdf?pubpdfdload=05%2F692
=852  41$aBritish Library$bHMNTS$j472094$cDRT
=985  \\$aRecord amended for WR# 13/070
=CAT  \\$a6524$b40$c20050916$lBLL01$h1432
=CAT  \\$a6524$b40$c20050916$lBLL01$h1433
=CAT  \\$a8141$b40$c20050920$lBLL01$h0848
=CAT  \\$a8141$b40$c20050920$lBLL01$h0909
=CAT  \\$aBATCH$b00$c20080505$lBLL01$h1320
=CAT  \\$aWR13_070$b00$c20130504$lBLL01$h0241
=CAT  \\$aWR13.144/5$c20140418$lBLL01$h0933
=CAT  \\$aW1711-1225$c20171203$lBLL01$h1022
=FIN  \\$aY$d20050920
=DRT  \\$aVDEP
=STA  \\$aSUPPRESSED$bunable to determine reason for suppression
=LAS  \\$aW1711-1225$b00$c20171203$lBLL01$h1022

