=LDR  02039 am a2200505 a 4500
=001  013298550
=003  Uk
=005  20080118134436.0
=006  m\\\\|\\\d\|\\\\\\
=007  cr||||||||||||
=008  050922s2005\\\\enk\\\\\s\\\\\000\0\eng\\
=FMT  \\$a  BK
=015  \\$aGBA580835$2bnb
=020  \\$a1846360129 :$cNo price
=040  \\$aUk$beng$cUk
=042  \\$aukblsr
=082  04$a362.291208350942$222
=245  00$aSmoking, drinking and drug use among young people in England in 2004$h[electronic resource] /$cedited by Elizabeth Fuller.$bsummary report.
=260  \\$a[Leeds] :$bHealth and Social Care Information Centre,$c2005.
=336  \\$atext$2rdacontent
=337  \\$acomputer$2rdamedia
=338  \\$aonline resource$2rdacarrier
=538  \\$aMode of access: World Wide Web.
=538  \\$aSystem requirements: Adobe Acrobat Reader.
=500  \\$aTitle from PDF title page (viewed on 22 Sept., 2005)
=516  \\$aIn PDF format.
=500  \\$aSummary of the report "Smoking, drinking and drug use among young people in England in 2004".
=650  \0$aHigh school students$zEngland$xAlcohol use$vStatistics.
=650  \0$aHigh school students$zEngland$xDrug use$vStatistics.
=700  1\$aFuller, Elizabeth,$d1957-
=710  1\$aGreat Britain.$bOffice for National Statistics.
=710  2\$aNational Centre for Social Research (Great Britain)
=710  2\$aHealth and Social Care Information Centre (Great Britain)
=856  40$uhttp://www.menshealthforum.org.uk/uploaded_files/NSyoungpeople2004.pdf
=852  41$aBritish Library$bHMNTS$j472135$cDRT
=CAT  \\$a6524$b40$c20050922$lBLL01$h0909
=CAT  \\$a7332$b40$c20050922$lBLL01$h1424
=CAT  \\$a8964$b40$c20080118$lBLL01$h1344
=CAT  \\$aBATCH$b00$c20080505$lBLL01$h1320
=CAT  \\$aWR13.144/5$c20140418$lBLL01$h0933
=CAT  \\$aW1711-1225$c20171203$lBLL01$h1022
=FIN  \\$aY$d20050922
=DRT  \\$aVDEP
=STA  \\$aSUPPRESSED$bunable to determine reason for suppression
=LAS  \\$aW1711-1225$b00$c20171203$lBLL01$h1022

