=LDR  01680 am a2200469 a 4500
=001  013298564
=003  Uk
=005  20050927105843.0
=006  m\\\\|\\\d\|\\\\\\
=007  cr||||||||||||
=008  050922s2005\\\\enk\\\\\s\\\\\000\0\eng\\
=FMT  \\$a  BK
=015  \\$aGBA581313$2bnb
=020  \\$a1846360072 :$cNo price
=040  \\$aUk$beng$cUk
=042  \\$aukblsr
=082  04$a346.42018$222
=245  00$aGuardianship under the Mental Health Act 1983$h[electronic resource] :$bEngland 2005.
=260  \\$a[Leeds] :$bHealth and Social Care Information Centre,$c2005.
=336  \\$atext$2rdacontent
=337  \\$acomputer$2rdamedia
=338  \\$aonline resource$2rdacarrier
=538  \\$aMode of access: World Wide Web.
=538  \\$aSystem requirements: Adobe Acrobat Reader.
=500  \\$aTitle from PDF title page (viewed on 26 Sept., 2005)
=516  \\$aPDF format.
=650  \0$aMental health laws$zEngland.
=650  \0$aGuardian and ward$zEngland.
=650  \0$aGuardian and ward$zEngland$vStatistics.
=710  2\$aHealth and Social Care Information Centre (Great Britain)
=856  40$uhttp://www.dh.gov.uk/assetRoot/04/11/78/69/04117869.pdf
=852  41$aBritish Library$bHMNTS$j472076$cDRT
=CAT  \\$a6524$b40$c20050922$lBLL01$h0920
=CAT  \\$a7332$b40$c20050927$lBLL01$h1017
=CAT  \\$a7332$b40$c20050927$lBLL01$h1058
=CAT  \\$aBATCH$b00$c20080505$lBLL01$h1320
=CAT  \\$aWR13.144/5$c20140418$lBLL01$h0933
=CAT  \\$aW1711-1225$c20171203$lBLL01$h1022
=FIN  \\$aY$d20050927
=DRT  \\$aVDEP
=STA  \\$aSUPPRESSED$bunable to determine reason for suppression
=LAS  \\$aW1711-1225$b00$c20171203$lBLL01$h1022

