=LDR  01707 am a2200481 a 4500
=001  013298569
=003  Uk
=005  20050927112936.0
=006  m\\\\|\\\d\|\\\\\\
=007  cr||||||||||||
=008  050922s2005\\\\enk\\\\\s\\\\\000\0\eng\\
=FMT  \\$a  BK
=015  \\$aGBA581330$2bnb
=020  \\$a1846360145 :$cNo price
=040  \\$aUk$beng$cUk
=042  \\$aukblsr
=082  04$a331.204136210941$222
=245  00$aNHS staff earnings survey$h[electronic resource].
=260  \\$a[Leeds] :$bHealth and Social Care Information Centre,$cc2005.
=336  \\$atext$2rdacontent
=337  \\$acomputer$2rdamedia
=338  \\$aonline resource$2rdacarrier
=538  \\$aMode of access: World Wide Web.
=538  \\$aSystem requirements: Adobe Acrobat Reader.
=500  \\$aTitle from PDF title page (viewed on 27 Sept., 2005)
=516  \\$aPDF format.
=500  \\$aAugust 2004.
=650  \0$aMedical personnel$xSalaries, etc.$zGreat Britain.
=650  \0$aNational health services$zGreat Britain.
=710  2\$aHealth and Social Care Information Centre (Great Britain)
=856  40$uhttp://www.dh.gov.uk/assetRoot/04/11/83/11/04118311.pdf
=852  41$aBritish Library$bHMNTS$j472104$cDRT
=CAT  \\$a6524$b40$c20050922$lBLL01$h0926
=CAT  \\$a6524$b40$c20050922$lBLL01$h0928
=CAT  \\$a7332$b40$c20050927$lBLL01$h1120
=CAT  \\$a7332$b40$c20050927$lBLL01$h1129
=CAT  \\$aBATCH$b00$c20080505$lBLL01$h1320
=CAT  \\$aWR13.144/5$c20140418$lBLL01$h0933
=CAT  \\$aW1711-1225$c20171203$lBLL01$h1022
=FIN  \\$aY$d20050927
=DRT  \\$aVDEP
=STA  \\$aSUPPRESSED$bunable to determine reason for suppression
=LAS  \\$aW1711-1225$b00$c20171203$lBLL01$h1022

