=LDR  02257 am a2200577 a 4500
=001  013325282
=003  Uk
=005  20060223085018.0
=006  m\\\\|\\\d\|\\\\\\
=007  cr||||||||||||
=008  051101s2005\\\\enk||||\s||||o00|\0\eng\\
=FMT  \\$a  BK
=015  \\$aGBA623792$2bnb
=020  \\$cNo price
=040  \\$aUk$beng$cUk
=042  \\$aukblsr
=082  04$a362.610941$222
=245  00$aGovernment response to Office of Fair Trading (OFT) care homes study$h[electronic resource].
=260  \\$a[London :$bDTI,$c2005].
=336  \\$atext$2rdacontent
=337  \\$acomputer$2rdamedia
=338  \\$aonline resource$2rdacarrier
=538  \\$aMode of access: World Wide Web.
=538  \\$aSystem requirements: Adobe Acrobat Reader.
=500  \\$aTitle from p.1 of PDF file (viewed on 15 Feb., 2006)
=516  \\$aPDF format.
=520  \\$a"Government response to the OFT market study of care homes for older people in the UK, which identifies some important issues where the care home market is not functioning well for older people as consumers." - DTI Publications web site.
=500  \\$aPublisher's no.: URN 05/1538.
=690  7\$aSocial Welfare$2blcoll
=650  \0$aAged$xNursing home care$zGreat Britain.
=710  1\$aGreat Britain.$bDepartment of Trade and Industry.
=856  40$uhttp://www.dti.gov.uk/ccp/topics2/pdf2/N0000C69.pdf?pubpdfdload=05%2F1538
=852  41$aBritish Library$bHMNTS$j431386$cDRT
=985  \\$aRecord amended for WR# 13/070
=CAT  \\$a6524$b40$c20051101$lBLL01$h0911
=CAT  \\$a6524$b40$c20051101$lBLL01$h0916
=CAT  \\$a11249$b40$c20051102$lBLL01$h0931
=CAT  \\$a8141$b40$c20060215$lBLL01$h1237
=CAT  \\$a11249$b40$c20060223$lBLL01$h0850
=CAT  \\$aBATCH-UPD$b40$c20070912$lBLL01$h2022
=CAT  \\$aBATCH$b00$c20080505$lBLL01$h1320
=CAT  \\$aWR10_184$c20101208$lBLL01$h1636
=CAT  \\$aBATCH$b00$c20110625$lBLL01$h0516
=CAT  \\$aBATCH-SWP4$c20110627$lBLL01$h1559
=CAT  \\$aWR12-140$c20121030$lBLL01$h1049
=CAT  \\$aWR13_070$b00$c20130504$lBLL01$h0242
=CAT  \\$aWR13.144/5$c20140418$lBLL01$h0934
=FIN  \\$aY$d20060215
=DRT  \\$aVDEP
=STA  \\$aSUPPRESSED$bWR10_184
=LAS  \\$aWR13.144/5$b00$c20140418$lBLL01$h0934

