=LDR  02403 am a2200577 a 4500
=001  013327865
=003  Uk
=005  20060215111255.0
=006  m\\\\|\\\d\|\\\\\\
=007  cr||||||||||||
=008  051102s2004\\\\enk||||\s||||o00|\0\eng\\
=FMT  \\$a  BK
=015  \\$aGBA621883$2bnb
=020  \\$cNo price
=040  \\$aUk$beng$cUk
=042  \\$aukblsr
=082  04$a338.060941$222
=100  1\$aMercer, Sally.
=245  10$aDetailed results from the third UK Community innovation survey (CIS3)$h[electronic resource] /$cSally Mercer.
=260  \\$a[London :$bDTI],$c2004.
=336  \\$atext$2rdacontent
=337  \\$acomputer$2rdamedia
=338  \\$aonline resource$2rdacarrier
=538  \\$aMode of access: World Wide Web.
=538  \\$aSystem requirements: Adobe Acrobat Reader.
=500  \\$aTitle from PDF title page (viewed on 8 Feb., 2006)
=516  \\$aPDF format.
=520  \\$a"The community investigation survey takes place every 4 years in european countries to investigate levels of innovation in business. This survey covers 1998-2000 and provides detailed results from the survey." - DTI Publications web site.
=500  \\$aPublisher's no.: URN 04/2115.
=650  \0$aBusiness enterprises$xTechnological innovations$zGreat Britain$vStatistics.
=650  \0$aIndustries$xTechnological innovations$zGreat Britain$vStatistics.
=650  \0$aNew products$zGreat Britain.
=650  \0$aSmall business$xTechnological innovations$zGreat Britain$vStatistics.
=710  1\$aGreat Britain.$bDepartment of Trade and Industry.
=856  40$uhttp://www.dti.gov.uk/iese/detailed_CIS3_results.pdf?pubpdfdload=04%2F2115
=852  41$aBritish Library$bHMNTS$j431343$cDRT
=985  \\$aRecord amended for WR# 13/070
=CAT  \\$a6524$b40$c20051102$lBLL01$h1353
=CAT  \\$a6524$b40$c20051102$lBLL01$h1354
=CAT  \\$a11249$b40$c20051107$lBLL01$h1330
=CAT  \\$a8141$b40$c20060208$lBLL01$h1417
=CAT  \\$a5194$b40$c20060215$lBLL01$h1112
=CAT  \\$aBATCH-UPD$b40$c20070723$lBLL01$h1605
=CAT  \\$aBATCH$b00$c20080505$lBLL01$h1320
=CAT  \\$aWR13_070$b00$c20130504$lBLL01$h0242
=CAT  \\$aWR13.144/5$c20140418$lBLL01$h0934
=CAT  \\$aW1711-1225$c20171203$lBLL01$h1022
=FIN  \\$aY$d20060208
=DRT  \\$aVDEP
=STA  \\$aSUPPRESSED$bunable to determine reason for suppression
=LAS  \\$aW1711-1225$b00$c20171203$lBLL01$h1022

