=LDR  02527 am a2200601 a 4500
=001  013327871
=003  Uk
=005  20071011082307.0
=006  m\\\\|\\\d\|\\\\\\
=007  cr||||||||||||
=008  051102s2005\\\\enk||||\s||||\00|\0\eng\\
=FMT  \\$a  BK
=015  \\$aGBA622113$2bnb
=040  \\$aUk$beng$cUk
=042  \\$aukblsr
=082  04$a332.67252015195$222
=100  1\$aBose, Niloy.
=245  10$aCausality between public investment in transport and communication and economic growth$h[electronic resource] /$cby Niloy Bose and M. Emranul Haque.
=260  \\$a[Nottingham] :$bLeverhulme Centre for Research on Globalisation and Economic Policy,$c2005.
=336  \\$atext$2rdacontent
=337  \\$acomputer$2rdamedia
=338  \\$aonline resource$2rdacarrier
=490  1\$aResearch paper series ;$v2005/10
=538  \\$aMode of access: World Wide Web.
=538  \\$aSystem requirements: IBM compatible PC; Windows; Adobe Acrobat Reader.
=500  \\$aTitle from PDF title page (viewed on 9 Feb., 2006).
=516  \\$aPDF format.
=650  \0$aPublic investments$xEconometric models.
=650  \0$aTransportation$xEconometric models.
=650  \0$aCommunication and traffic$xEconometric models.
=650  \0$aEconomic development$xEconometric models.
=690  7\$aManagement and Business Studies$2blcoll
=700  1\$aHaque, M. Emranul.
=710  2\$aLeverhulme Centre for Research on Globalisation and Economic Policy (University of Nottingham)
=830  \0$aResearch paper series (Leverhulme Centre for Research on Globalisation and Economic Policy (University of Nottingham)).$pInternationalisation of economic policy ;$v2005/10.
=856  40$uhttp://www.nottingham.ac.uk/economics/leverhulme/research_papers/05_10.pdf
=852  41$aBritish Library$bHMNTS$j474788$cDRT
=CAT  \\$a10902$b40$c20051102$lBLL01$h1358
=CAT  \\$a10902$b40$c20051102$lBLL01$h1359
=CAT  \\$a11249$b40$c20051107$lBLL01$h1329
=CAT  \\$a8141$b40$c20060209$lBLL01$h1315
=CAT  \\$a8141$b40$c20060213$lBLL01$h0916
=CAT  \\$aBATCH-UPD$b40$c20070912$lBLL01$h2022
=CAT  \\$a8141$b40$c20071011$lBLL01$h0823
=CAT  \\$aBATCH$b00$c20080505$lBLL01$h1320
=CAT  \\$aBATCH$b00$c20090624$lBLL01$h1707
=CAT  \\$aWR10_184$c20101208$lBLL01$h1636
=CAT  \\$aWR12-140$c20121030$lBLL01$h1049
=CAT  \\$aWR13.144/5$c20140418$lBLL01$h0934
=FIN  \\$aY$d20060209
=DRT  \\$aVDEP
=STA  \\$aSUPPRESSED$bWR10_184
=LAS  \\$aWR13.144/5$b00$c20140418$lBLL01$h0934

