=LDR  02565 am a2200637 a 4500
=001  013328014
=003  Uk
=005  20071011082513.0
=006  m\\\\|\\\d\|\\\\\\
=007  cr||||||||||||
=008  051102s2005\\\\enk||||\s||||\00|\0\eng\\
=FMT  \\$a  BK
=015  \\$aGBA621866$2bnb
=020  \\$cNo price
=040  \\$aUk$beng$cUk
=042  \\$aukblsr
=082  04$a331.5440941$222
=100  1\$aHijzen, A.$q(Alexander)
=245  10$aMigration, trade and wages$h[electronic resource] /$cby Alexander Hijzen and Peter Wright.
=260  \\$aNottingham :$bUniversity of Nottingham,$c2005.
=336  \\$atext$2rdacontent
=337  \\$acomputer$2rdamedia
=338  \\$aonline resource$2rdacarrier
=490  1\$aResearch paper series. Globalisation and labour markets ;$v2005/11
=538  \\$aMode of access: World Wide Web.
=538  \\$aSystem requirements: Adobe Acrobat Reader.
=500  \\$aTitle from PDF title page (viewed on 8 Feb., 2006).
=516  \\$aPDF format.
=650  \0$aProduction functions (Economic theory)
=650  \0$aIncome distribution$zGreat Britain.
=650  \0$aInput-output analysis$zGreat Britain.
=650  \0$aInternational trade$xEconometric models.
=651  \0$aGreat Britain$xEmigration and immigration$xEconomic aspects.
=690  7\$aManagement and Business Studies$2blcoll
=690  7\$aSocial Welfare$2blcoll
=700  1\$aWright, Peter,$d1967-
=710  2\$aLeverhulme Centre for Research on Globalisation and Economic Policy (University of Nottingham)
=830  \0$aResearch paper series (Leverhulme Centre for Research on Globalisation and Economic Policy. University of Nottingham)).$pGlobalisation and labour markets ;$v2005/11.
=856  40$uhttp://www.nottingham.ac.uk/economics/leverhulme/research_papers/05_11.pdf
=852  41$aBritish Library$bHMNTS$j474784$cDRT
=CAT  \\$a10902$b40$c20051102$lBLL01$h1405
=CAT  \\$a11249$b40$c20051107$lBLL01$h1341
=CAT  \\$a8141$b40$c20060208$lBLL01$h1233
=CAT  \\$aBATCH-UPD$b40$c20070912$lBLL01$h2023
=CAT  \\$a8141$b40$c20071011$lBLL01$h0825
=CAT  \\$aBATCH$b00$c20080505$lBLL01$h1320
=CAT  \\$aBATCH$b00$c20090624$lBLL01$h1707
=CAT  \\$aWR10_184$c20101208$lBLL01$h1636
=CAT  \\$aBATCH$b00$c20110625$lBLL01$h0516
=CAT  \\$aBATCH-SWP4$c20110627$lBLL01$h1559
=CAT  \\$aWR12-140$c20121030$lBLL01$h1049
=CAT  \\$aWR13.144/5$c20140418$lBLL01$h0934
=FIN  \\$aY$d20060208
=DRT  \\$aVDEP
=STA  \\$aSUPPRESSED$bWR10_184
=LAS  \\$aWR13.144/5$b00$c20140418$lBLL01$h0934

