=LDR  02471 am a2200625 a 4500
=001  013328097
=003  Uk
=005  20071011083854.0
=006  m\\\\|\\\d\|\\\\\\
=007  cr||||||||||||
=008  051102s2005\\\\enk||||\s||||\00|\0\eng\\
=FMT  \\$a  BK
=015  \\$aGBA620530$2bnb
=020  \\$cNo price
=040  \\$aUk$beng$cUk
=042  \\$aukblsr
=082  04$a331.1015195$222
=100  1\$aBougheas, Spiros.
=245  10$aTrade and the distribution of human capital$h[electronic resource] /$cby Spiros Bougheas and Raymond Riezman.
=260  \\$aNottingham :$bUniversity of Nottingham,$c2005.
=336  \\$atext$2rdacontent
=337  \\$acomputer$2rdamedia
=338  \\$aonline resource$2rdacarrier
=490  1\$aResearch paper series. Globalisation and labour markets ;$v2005/15
=538  \\$aMode of access: World Wide Web.
=538  \\$aSystem requirements: Adobe Acrobat Reader.
=500  \\$aTitle from PDF title page (viewed on 6 Feb., 2006).
=516  \\$aPDF format.
=650  \0$aHuman capital$xEconometric models.
=650  \0$aInternational trade$xEconometric models.
=650  \0$aIncome distribution$xEconometric models.
=650  \0$aWelfare economics.
=650  \0$aAutarchy.
=690  7\$aManagement and Business Studies$2blcoll
=700  1\$aRiezman, Raymond Glenn.
=710  2\$aLeverhulme Centre for Research on Globalisation and Economic Policy (University of Nottingham)
=830  \0$aResearch paper series (Leverhulme Centre for Research on Globalisation and Economic Policy. University of Nottingham)).$pGlobalisation and labour markets ;$v2005/15.
=856  40$uhttp://www.nottingham.ac.uk/economics/leverhulme/research_papers/05_15.pdf
=852  41$aBritish Library$bHMNTS$j474786$cDRT
=CAT  \\$a10902$b40$c20051102$lBLL01$h1437
=CAT  \\$a10902$b40$c20051102$lBLL01$h1438
=CAT  \\$a10902$b40$c20051102$lBLL01$h1441
=CAT  \\$a11249$b40$c20051107$lBLL01$h1439
=CAT  \\$a8141$b40$c20060206$lBLL01$h0942
=CAT  \\$aBATCH-UPD$b40$c20070912$lBLL01$h2023
=CAT  \\$a8141$b40$c20071011$lBLL01$h0838
=CAT  \\$aBATCH$b00$c20080505$lBLL01$h1320
=CAT  \\$aBATCH$b00$c20090624$lBLL01$h1707
=CAT  \\$aWR10_184$c20101208$lBLL01$h1636
=CAT  \\$aWR12-140$c20121030$lBLL01$h1049
=CAT  \\$aWR13.144/5$c20140418$lBLL01$h0934
=FIN  \\$aY$d20060206
=DRT  \\$aVDEP
=STA  \\$aSUPPRESSED$bWR10_184
=LAS  \\$aWR13.144/5$b00$c20140418$lBLL01$h0934

