=LDR  02653 am a2200649 a 4500
=001  013328202
=003  Uk
=005  20090611112335.0
=006  m\\\\|\\\d\|\\\\\\
=007  cr||||||||||||
=008  051102s2005\\\\enk||||\s||||\00|\0\eng\\
=FMT  \\$a  BK
=015  \\$aGBA620373$2bnb
=020  \\$cNo price
=040  \\$aUk$beng$cUk
=042  \\$aukblsr
=082  04$a338.6042015195$222
=100  1\$aÁlvarez, Roberto$q(Álvarez Espinoza)
=245  10$aMultinationals and plant exit$h[electronic resource] :$bevidence from Chile /$cby Roberto Alvarez and Holger Görg
=260  \\$aNottingham :$bUniversity of Nottingham,$c2005.
=336  \\$atext$2rdacontent
=337  \\$acomputer$2rdamedia
=338  \\$aonline resource$2rdacarrier
=490  1\$aResearch paper series. Globalisation, productivity and technology ;$v2005/16
=538  \\$aMode of access: World Wide Web.
=538  \\$aSystem requirements: Adobe Acrobat Reader.
=500  \\$aTitle from PDF title page (viewed on 3 Feb., 2006)
=516  \\$aPDF format.
=650  \0$aInternational business enterprises$xEconomic aspects$zChile.
=650  \0$aPlant shutdowns$xEconometric models.
=650  \0$aPlant shutdowns$zChile.
=690  7\$aManagement and Business Studies$2blcoll
=700  1\$aGörg, Holger.
=710  2\$aLeverhulme Centre for Research on Globalisation and Economic Policy (University of Nottingham)
=830  \0$aResearch paper series (Leverhulme Centre for Research on Globalisation and Economic Policy. University of Nottingham)).$pGlobalisation, productivity and technology ;$v2005/16.
=856  40$uhttp://www.nottingham.ac.uk/economics/leverhulme/research_papers/05_16.pdf
=852  41$aBritish Library$bHMNTS$j474785$cDRT
=985  \\$aRecord edited by DQ Team
=CAT  \\$a10902$b40$c20051102$lBLL01$h1542
=CAT  \\$a10902$b40$c20051102$lBLL01$h1543
=CAT  \\$a11249$b40$c20051107$lBLL01$h1342
=CAT  \\$a8141$b40$c20060203$lBLL01$h1117
=CAT  \\$a8141$b40$c20060206$lBLL01$h0945
=CAT  \\$a11249$b40$c20060209$lBLL01$h0917
=CAT  \\$aBATCH-UPD$b40$c20070912$lBLL01$h2023
=CAT  \\$aBATCH$b00$c20080505$lBLL01$h1320
=CAT  \\$a10743$b40$c20090611$lBLL01$h1123
=CAT  \\$aBATCH$b00$c20090624$lBLL01$h1707
=CAT  \\$aWR10_184$c20101208$lBLL01$h1636
=CAT  \\$aBATCH-UPD$b00$c20120415$lBLL01$h2014
=CAT  \\$aWR12-140$c20121030$lBLL01$h1049
=CAT  \\$aWR13.144/5$c20140418$lBLL01$h0934
=CAT  \\$aBATCH-UPD$b00$c20161223$lBLL01$h2032
=FIN  \\$aY$d20060203
=DRT  \\$aVDEP
=STA  \\$aSUPPRESSED$bWR10_184
=LAS  \\$aBATCH-UPD$b00$c20161223$lBLL01$h2032

