=LDR  02540cam a2200625 a 4500
=001  013328212
=003  Uk
=005  20071011084049.0
=006  m\\\\|\\\d\|\\\\\\
=007  cr||||||||||||
=008  051102s2005\\\\enk||||\s||||\00|\0\eng\\
=FMT  \\$a  BK
=015  \\$aGBA620319$2bnb
=020  \\$cNo price
=040  \\$aUk$beng$cUk
=042  \\$aukblsr
=082  04$a338.83015195$222
=100  1\$aHijzen, A.$q(Alexander)
=245  10$aCross-border mergers & acquisitions and the role of trade costs$h[electronic resource] /$cAlexander Hijzen, Holger Görg and Miriam Manchin.
=260  \\$aNottingham :$bUniversity of Nottingham,$c2005.
=336  \\$atext$2rdacontent
=337  \\$acomputer$2rdamedia
=338  \\$aonline resource$2rdacarrier
=490  1\$aResearch paper series. Globalisation, productivity and technology ;$v2005/17
=538  \\$aMode of access: World Wide Web.
=538  \\$aSystem requirements: Adobe Acrobat Reader.
=500  \\$aTitle from PDF title page (viewed on 2 Feb., 2006).
=516  \\$aPDF format.
=650  \0$aConsolidation and merger of corporations$xEconometric models.
=650  \0$aInternational trade$xCosts.
=650  \0$aInvestments, Foreign.
=690  7\$aManagement and Business Studies$2blcoll
=700  1\$aGörg, Holger.
=700  1\$aManchin, Miriam.
=710  2\$aLeverhulme Centre for Research on Globalisation and Economic Policy (University of Nottingham)
=830  \0$aResearch paper series (Leverhulme Centre for Research on Globalisation and Economic Policy. University of Nottingham)).$pGlobalisation, productivity and technology ;$v2005/17.
=856  40$uhttp://www.nottingham.ac.uk/economics/leverhulme/research_papers/05_17.pdf
=852  41$aBritish Library$bHMNTS$j474781$cDRT
=CAT  \\$a10902$b40$c20051102$lBLL01$h1548
=CAT  \\$a10902$b40$c20051102$lBLL01$h1549
=CAT  \\$a11249$b40$c20051107$lBLL01$h1330
=CAT  \\$a8141$b40$c20060202$lBLL01$h1629
=CAT  \\$a8141$b40$c20060203$lBLL01$h0946
=CAT  \\$aBATCH-UPD$b40$c20070912$lBLL01$h2023
=CAT  \\$a8141$b40$c20071011$lBLL01$h0840
=CAT  \\$aBATCH$b00$c20080505$lBLL01$h1320
=CAT  \\$aBATCH$b00$c20090624$lBLL01$h1707
=CAT  \\$aWR10_184$c20101208$lBLL01$h1636
=CAT  \\$aWR12-140$c20121030$lBLL01$h1049
=CAT  \\$aWR13.144/5$c20140418$lBLL01$h0934
=CAT  \\$aBATCH-UPD$b00$c20230216$lBLL01$h2152
=FIN  \\$aY$d20060202
=DRT  \\$aVDEP
=STA  \\$aSUPPRESSED$bWR10_184
=LAS  \\$aBATCH-UPD$b00$c20230216$lBLL01$h2152

