=LDR  02271 am a2200589 a 4500
=001  013328368
=003  Uk
=005  20060216091441.0
=006  m\\\\|\\\d\|\\\\\\
=007  cr||||||||||||
=008  051103s2004\\\\enk||||\s||||o00|\0\eng\\
=FMT  \\$a  BK
=015  \\$aGBA620292$2bnb
=020  \\$cNo price
=040  \\$aUk$beng$cUk
=042  \\$aukblsr
=082  04$a338.941$222
=245  00$aDTI business support cross product monitoring survey 3$h[electronic resource] :$bintermediary survey ; final report /$cby Charles Michaelis ... [et al.]
=260  \\$aBirmingham :$bDatabuild Ltd.,$c2004.
=336  \\$atext$2rdacontent
=337  \\$acomputer$2rdamedia
=338  \\$aonline resource$2rdacarrier
=538  \\$aMode of access: World Wide Web.
=538  \\$aSystem requirements: Adobe Acrobat Reader.
=500  \\$aTitle from PDF title page (viewed on 2 Feb., 2006)
=516  \\$aPDF format.
=500  \\$aPublisher's no.: URN 04/2111.
=610  10$aGreat Britain.$bDepartment of Trade and Industry$xEvaluation.
=650  \0$aBusiness enterprises$xGovernment policy$zGreat Britain.
=650  \0$aIndustrial policy$zGreat Britain.
=650  \0$aSmall business$xGovernment policy$zGreat Britain.
=700  1\$aMichaelis, Charles.
=710  1\$aGreat Britain.$bDepartment of Trade and Industry.
=710  2\$aDatabuild (Firm)
=856  40$uhttp://www.dti.gov.uk/about/evaluation/BSMS_Wave_3_Intermediaries_Survey.pdf?pubpdfdload=04%2F2111
=852  41$aBritish Library$bHMNTS$j431340$cDRT
=985  \\$aRecord amended for WR# 13/070
=CAT  \\$a6524$b40$c20051103$lBLL01$h0830
=CAT  \\$a6524$b40$c20051103$lBLL01$h0832
=CAT  \\$a11249$b40$c20051107$lBLL01$h1333
=CAT  \\$a8141$b40$c20060202$lBLL01$h1408
=CAT  \\$a5194$b40$c20060216$lBLL01$h0912
=CAT  \\$a5194$b40$c20060216$lBLL01$h0914
=CAT  \\$aBATCH$b00$c20080505$lBLL01$h1320
=CAT  \\$aWR13_070$b00$c20130504$lBLL01$h0242
=CAT  \\$aWR13.144/5$c20140418$lBLL01$h0934
=CAT  \\$aW1711-1225$c20171203$lBLL01$h1022
=CAT  \\$aBATCH-UPD$b00$c20171203$lBLL01$h1132
=FIN  \\$aY$d20060202
=DRT  \\$aVDEP
=STA  \\$aSUPPRESSED$bunable to determine reason for suppression
=LAS  \\$aBATCH-UPD$b00$c20171203$lBLL01$h1132

