=LDR  02297 am a2200553 a 4500
=001  013329666
=003  Uk
=005  20060206092534.0
=006  m\\\\|\\\d\|\\\\\\
=007  cr||||||||||||
=008  051104s2005\\\\dk\||||\s||||o00|\0\eng\\
=FMT  \\$a  BK
=020  \\$cNo price
=040  \\$aUk$beng$cUk
=100  1\$aSvensson, Patrik,$d1978-
=245  14$aThe economic importance of the country of origin principle in the proposed services directive$h[electronic resource] :$bfinal report /$c[prepared by Patrik Svensson and Claus Kastberg Nielsen].
=260  \\$aKøbenhavn :$bCopenhagen Economics,$c2005.
=336  \\$atext$2rdacontent
=337  \\$acomputer$2rdamedia
=338  \\$aonline resource$2rdacarrier
=538  \\$aMode of access: World Wide Web.
=538  \\$aSystem requirements: IBM compatible PC; Adobe Acrobat Reader.
=500  \\$aTitle from PDF title page (viewed on 27 Jan., 2006)
=516  \\$aPDF format.
=500  \\$aURN 05/1619.
=650  \0$aForeign trade regulation$xEconomic aspects$zEuropean Union countries.
=650  \0$aFree trade$zEuropean Union countries.
=650  \0$aService industries$xLaw and legislation$zEuropean Union countries.
=700  1\$aNielsen, Claus Kastberg.
=710  1\$aGreat Britain.$bDepartment of Trade and Industry.
=856  40$uhttp://www.dti.gov.uk/ewt/EU_Services_Directive_Copenhagen_Economics.pdf?pubpdfdload=05%2F1619
=856  40$uhttp://www.copenhageneconomics.com/publications/Country_of_origin_principle.pdf
=852  41$aBritish Library$bHMNTS$j431482$cDRT
=985  \\$aRecord amended for WR# 13/070
=CAT  \\$a6524$b40$c20051104$lBLL01$h1334
=CAT  \\$a11249$b40$c20051107$lBLL01$h1334
=CAT  \\$a8141$b40$c20060127$lBLL01$h1219
=CAT  \\$a8141$b40$c20060127$lBLL01$h1339
=CAT  \\$a8141$b40$c20060127$lBLL01$h1341
=CAT  \\$a5194$b40$c20060202$lBLL01$h1150
=CAT  \\$a5194$b40$c20060206$lBLL01$h0925
=CAT  \\$aBATCH$b00$c20080505$lBLL01$h1320
=CAT  \\$aWR13_070$b00$c20130504$lBLL01$h0242
=CAT  \\$aWR13.144/5$c20140418$lBLL01$h0934
=CAT  \\$aW1711-1225$c20171203$lBLL01$h1022
=FIN  \\$aY$d20060127
=DRT  \\$aVDEP
=STA  \\$aSUPPRESSED$bunable to determine reason for suppression
=LAS  \\$aW1711-1225$b00$c20171203$lBLL01$h1022

