=LDR  02474 am a2200637 a 4500
=001  013341684
=003  Uk
=005  20071011084215.0
=006  m\\\\|\\\d\|\\\\\\
=007  cr||||||||||||
=008  051122s2005\\\\enk||||\s||||\00|\0\eng\\
=FMT  \\$a  BK
=015  \\$aGBA615577$2bnb
=020  \\$cNo price
=040  \\$aUk$beng$cUk
=042  \\$aukblsr
=082  04$a339.46015195$222
=245  00$aPoverty and fertility in less developed countries$h[electronic resource] :$ba comparative analysis /$cArnstein Aassve ... [et al.].
=260  \\$aColchester :$bInstitute for Social and Economic Research, University of Essex,$c2005.
=336  \\$atext$2rdacontent
=337  \\$acomputer$2rdamedia
=338  \\$aonline resource$2rdacarrier
=490  0\$aISER working paper ;$v2005-13
=538  \\$aMode of access: World Wide Web.
=538  \\$aSystem requirements: Adobe Acrobat Reader.
=500  \\$aTitle from PDF title page (viewed on 20 Jan., 2006).
=516  \\$aPDF format.
=650  \0$aPoverty$zAlbania$zEconometric models.
=650  \0$aPoverty$zEthiopia$zEconometric models.
=650  \0$aPoverty$zIndonesia$zEconometric models.
=650  \0$aPoverty$zVietnam$zEconometric models.
=650  \0$aFertility, Human$zAlbania$zEconometric models.
=650  \0$aFertility, Human$zEthiopia$zEconometric models.
=650  \0$aFertility, Human$zIndonesia$zEconometric models.
=650  \0$aFertility, Human$zVietnam$zEconometric models.
=690  7\$aManagement and Business Studies$2blcoll
=700  1\$aAassve, Arnstein.
=710  2\$aUniversity of Essex.$bInstitute for Social and Economic Research.
=856  40$uhttp://www.iser.essex.ac.uk/pubs/workpaps/pdf/2005-13.pdf
=852  41$aBritish Library$bHMNTS$j441488$cDRT
=CAT  \\$a6524$b40$c20051122$lBLL01$h1044
=CAT  \\$a6524$b40$c20051122$lBLL01$h1047
=CAT  \\$a11249$b40$c20051129$lBLL01$h0857
=CAT  \\$a8141$b40$c20060120$lBLL01$h1148
=CAT  \\$aBATCH-UPD$b40$c20070912$lBLL01$h2023
=CAT  \\$a8141$b40$c20071011$lBLL01$h0841
=CAT  \\$a8141$b40$c20071011$lBLL01$h0842
=CAT  \\$aBATCH$b00$c20080505$lBLL01$h1320
=CAT  \\$aBATCH$b00$c20090624$lBLL01$h1707
=CAT  \\$aWR10_184$c20101208$lBLL01$h1636
=CAT  \\$aWR12-140$c20121030$lBLL01$h1049
=CAT  \\$aWR13.144/5$c20140418$lBLL01$h0934
=FIN  \\$aY$d20060120
=DRT  \\$aVDEP
=STA  \\$aSUPPRESSED$bWR10_184
=LAS  \\$aWR13.144/5$b00$c20140418$lBLL01$h0934

