=LDR  02373 am a2200625 a 4500
=001  013341705
=003  Uk
=005  20060203092503.0
=006  m\\\\|\\\d\|\\\\\\
=007  cr||||||||||||
=008  051122s2005\\\\enk||||\s||||\00|\0\eng\\
=FMT  \\$a  BK
=015  \\$aGBA615542$2bnb
=020  \\$cNo price
=040  \\$aUk$beng$cUk
=042  \\$aukblsr
=082  04$a302.2343$222
=100  1\$aUhrig, S. C. Noah.
=245  10$aCinema is good for you$h[electronic resource] :$bthe effects of cinema attendance on self reported anxiety or depression and "happiness" /$cS.C. Noah Uhrig.
=260  \\$aColchester :$bInstitute for Social and Economic Research, University of Essex,$c2005.
=336  \\$atext$2rdacontent
=337  \\$acomputer$2rdamedia
=338  \\$aonline resource$2rdacarrier
=490  1\$aISER working paper ;$v2005-14
=538  \\$aMode of access: World Wide Web.
=538  \\$aSystem requirements: Adobe Acrobat Reader.
=500  \\$aTitle from PDF title page (viewed on 20 Jan., 2006)
=516  \\$aPDF format.
=650  \0$aMotion pictures$xPsychological aspects.
=650  \0$aLeisure$xPsychological aspects.
=650  \0$aHappiness$xMathematical models.
=650  \0$aAnxiety$xMathematical models.
=650  \0$aDepression, Mental$xMathematical models.
=710  2\$aUniversity of Essex.$bInstitute for Social and Economic Research.
=856  40$uhttp://www.iser.essex.ac.uk/pubs/workpaps/pdf/2005-14.pdf
=830  \0$aISER working paper ;$v2005-14.
=852  41$aBritish Library$bHMNTS$j441460$cDRT
=CAT  \\$a6524$b40$c20051122$lBLL01$h1055
=CAT  \\$a6524$b40$c20051122$lBLL01$h1057
=CAT  \\$a11249$b40$c20051129$lBLL01$h0853
=CAT  \\$a8141$b40$c20060120$lBLL01$h0959
=CAT  \\$a5194$b40$c20060203$lBLL01$h0925
=CAT  \\$aBATCH-UPD$b40$c20070912$lBLL01$h2023
=CAT  \\$aBATCH$b00$c20080505$lBLL01$h1320
=CAT  \\$aBATCH$b00$c20091217$lBLL01$h0406
=CAT  \\$aBATCH$b00$c20100103$lBLL01$h1200
=CAT  \\$aWR10_184$c20101208$lBLL01$h1636
=CAT  \\$aBATCH-UPD$b00$c20101208$lBLL01$h1643
=CAT  \\$aWR12-140$c20121030$lBLL01$h1049
=CAT  \\$aWR13.144/5$c20140418$lBLL01$h0934
=CAT  \\$aBATCH-UPD$b00$c20151209$lBLL01$h2039
=FIN  \\$aY$d20060120
=DRT  \\$aVDEP
=STA  \\$aSUPPRESSED$bWR10_184
=LAS  \\$aBATCH-UPD$b00$c20151209$lBLL01$h2039

