=LDR  02252 am a2200589 a 4500
=001  013341843
=003  Uk
=005  20060203093040.0
=006  m\\\\|\\\d\|\\\\\\
=007  cr||||||||||||
=008  051122s2005\\\\enk||||\s||||\00|\0\eng\\
=FMT  \\$a  BK
=015  \\$aGBA615531$2bnb
=020  \\$cNo price
=040  \\$aUk$beng$cUk
=042  \\$aukblsr
=082  04$a339.40151828$222
=100  1\$aLefranc, Arnaud.
=245  10$aInequality of opportunities vs inequality of outcomes$h[electronic resource] :$bare Western societies all alike? /$cArnaud Lefranc, Nicolas Pistolesi and Alain Trannoy.
=260  \\$aColchester :$bInstitute for Social and Economic Research, University of Essex,$c2005.
=336  \\$atext$2rdacontent
=337  \\$acomputer$2rdamedia
=338  \\$aonline resource$2rdacarrier
=490  0\$aISER working paper ;$v2005-15
=538  \\$aMode of access: World Wide Web.
=538  \\$aSystem requirements: Adobe Acrobat Reader.
=500  \\$aTitle from PDF title page (viewed on 20 Jan., 2006)
=516  \\$aPDF format.
=650  \0$aEquality$zDeveloped countries$xEconometric models.
=650  \0$aIncome distribution$zDeveloped countries$xEconometric models.
=690  7\$aManagement and Business Studies$2blcoll
=700  1\$aPistolesi, Nicolas.
=700  1\$aTrannoy, Alain.
=710  2\$aUniversity of Essex.$bInstitute for Social and Economic Research.
=856  40$uhttp://www.iser.essex.ac.uk/pubs/workpaps/pdf/2005-15.pdf
=852  41$aBritish Library$bHMNTS$j441481$cDRT
=CAT  \\$a6524$b40$c20051122$lBLL01$h1201
=CAT  \\$a6524$b40$c20051122$lBLL01$h1202
=CAT  \\$a11249$b40$c20051129$lBLL01$h0855
=CAT  \\$a8141$b40$c20060120$lBLL01$h0856
=CAT  \\$a5194$b40$c20060203$lBLL01$h0930
=CAT  \\$aBATCH-UPD$b40$c20070912$lBLL01$h2023
=CAT  \\$aBATCH$b00$c20080505$lBLL01$h1320
=CAT  \\$aBATCH$b00$c20090624$lBLL01$h1707
=CAT  \\$aWR10_184$c20101208$lBLL01$h1636
=CAT  \\$aWR12-140$c20121030$lBLL01$h1049
=CAT  \\$aWR13.144/5$c20140418$lBLL01$h0934
=CAT  \\$aBATCH-UPD$b00$c20160217$lBLL01$h1843
=FIN  \\$aY$d20060120
=DRT  \\$aVDEP
=STA  \\$aSUPPRESSED$bWR10_184
=LAS  \\$aBATCH-UPD$b00$c20160217$lBLL01$h1843

