=LDR  02077 am a2200553 a 4500
=001  013344893
=003  Uk
=005  20071008084254.0
=006  m\\\\|\\\d\|\\\\\\
=007  cr||||||||||||
=008  051124s2005\\\\enk\\\\\s\\\\\000\0\eng\\
=FMT  \\$a  BK
=015  \\$aGBA613374$2bnb
=020  \\$cNo price
=040  \\$aUk$beng$cUk
=042  \\$aukblsr
=082  04$a006.312$222
=100  1\$aHosein, Ian.
=245  10$aResearching the ethics of knowledge management$h[electronic resource] :$bthe case of data-mining /$cIan Hosein.
=260  \\$aLondon :$bLSE, Dept. of Information Systems,$c2005.
=336  \\$atext$2rdacontent
=337  \\$acomputer$2rdamedia
=338  \\$aonline resource$2rdacarrier
=490  1\$aWorking paper series (LSE Dept. of Information Systems) ;$v135
=538  \\$aMode of access: World Wide Web.
=538  \\$aSystem requirements: Adobe Acrobat Reader.
=500  \\$aTitle from PDF title page (viewed on 13 January, 2006)
=516  \\$aPDF format.
=650  \0$aData mining.
=710  2\$aLondon School of Economics and Political Science.$bDepartment of Information Systems.
=856  40$uhttp://is.lse.ac.uk/wp/pdf/WP135.PDF
=830  \0$aWorking paper series (London School of Economics and Political Science. Department of Information Systems) ;$v135.
=852  41$aBritish Library$bHMNTS$j441504$cDRT
=985  \\$aRecord amended for WR# 13/070
=CAT  \\$a6524$b40$c20051124$lBLL01$h1040
=CAT  \\$a6524$b40$c20051124$lBLL01$h1042
=CAT  \\$a11249$b40$c20051129$lBLL01$h0857
=CAT  \\$a11281$b40$c20060113$lBLL01$h0841
=CAT  \\$aBATCH-UPD$b40$c20070912$lBLL01$h2023
=CAT  \\$a11281$b40$c20071008$lBLL01$h0842
=CAT  \\$aBATCH$b00$c20080505$lBLL01$h1320
=CAT  \\$aWR10_184$c20101208$lBLL01$h1636
=CAT  \\$aWR12-140$c20121030$lBLL01$h1049
=CAT  \\$aWR13_070$b00$c20130504$lBLL01$h0242
=CAT  \\$aWR13.144/5$c20140418$lBLL01$h0934
=FIN  \\$aY$d20060113
=DRT  \\$aVDEP
=STA  \\$aSUPPRESSED$bWR10_184
=LAS  \\$aWR13.144/5$b00$c20140418$lBLL01$h0934

