=LDR  02224 am a2200613 a 4500
=001  013345141
=003  Uk
=005  20060202093056.0
=006  m\\\\|\\\d\|\\\\\\
=007  cr||||||||||||
=008  051124s2005\\\\enk\\\\\s\\\\\000\0\eng\\
=FMT  \\$a  BK
=015  \\$aGBA613393$2bnb
=020  \\$cNo price
=040  \\$aUk$beng$cUk
=042  \\$aukblsr
=082  04$a363.58309421$222
=100  1\$aCho, Youngha.
=245  10$aAffordable housing in London$h[electronic resource] :$bmobility and locational aspirations : evidence from the London household survey 2002 /$cYoungha Cho.
=260  \\$aCambridge :$bDataspring,$c2005.
=336  \\$atext$2rdacontent
=337  \\$acomputer$2rdamedia
=338  \\$aonline resource$2rdacarrier
=490  1\$aDataspring discussion paper ;$v8
=538  \\$aMode of access: World Wide Web.
=538  \\$aSystem requirements: Adobe Acrobat Reader.
=500  \\$aTitle from PDF title page (viewed on 13 January, 2006)
=516  \\$aPDF format.
=650  \0$aLow-income housing$zEngland$zLondon.
=690  7\$aSocial Welfare$2blcoll
=710  2\$aDataspring (Firm)
=856  40$uhttp://www.dataspring.org.uk/Downloads/London%20Aspirations%20Report.pdf
=830  \0$aDataspring discussion paper ;$v8
=852  41$aBritish Library$bHMNTS$j441442$cDRT
=CAT  \\$a10902$b40$c20051124$lBLL01$h1210
=CAT  \\$a10902$b40$c20051124$lBLL01$h1211
=CAT  \\$a11249$b40$c20051129$lBLL01$h0853
=CAT  \\$a11281$b40$c20060113$lBLL01$h0940
=CAT  \\$a11281$b40$c20060113$lBLL01$h1050
=CAT  \\$a11281$b40$c20060113$lBLL01$h1051
=CAT  \\$a5194$b40$c20060202$lBLL01$h0930
=CAT  \\$aBATCH-UPD$b40$c20070912$lBLL01$h2023
=CAT  \\$aBATCH$b00$c20080505$lBLL01$h1320
=CAT  \\$aBATCH$b00$c20091217$lBLL01$h0406
=CAT  \\$aBATCH$b00$c20100103$lBLL01$h1200
=CAT  \\$aWR10_184$c20101208$lBLL01$h1636
=CAT  \\$aBATCH$b00$c20110625$lBLL01$h0517
=CAT  \\$aBATCH-SWP4$c20110627$lBLL01$h1559
=CAT  \\$aWR12-140$c20121030$lBLL01$h1049
=CAT  \\$aWR13.144/5$c20140418$lBLL01$h0934
=FIN  \\$aY$d20060113
=DRT  \\$aVDEP
=STA  \\$aSUPPRESSED$bWR10_184
=LAS  \\$aWR13.144/5$b00$c20140418$lBLL01$h0934

