=LDR  01455 am a2200445 a 4500
=001  013345497
=003  Uk
=005  20060113120734.0
=006  m\\\\|\\\d\|\\\\\\
=007  cr||||||||||||
=008  051124s2005\\\\enk\\\\\s\\\\\000\1\eng\\
=FMT  \\$a  BK
=015  \\$aGBA613458$2bnb
=020  \\$a1905409109 :$cNo price
=040  \\$aUk$beng$cUk
=042  \\$aukblsr
=082  04$a823.92$222
=100  1\$aDotterell, Tarquin.
=245  10$aRhizo morph$h[electronic resource] /$cTarquin Dotterell.
=260  \\$aHolmfirth :$bDownloadastory.com,$c2005.
=336  \\$atext$2rdacontent
=337  \\$acomputer$2rdamedia
=338  \\$aonline resource$2rdacarrier
=538  \\$aMode of access: World Wide Web.
=538  \\$aSystem requirements: Adobe Acrobat Reader.
=500  \\$aTitle from PDF title page (viewed on 13 January, 2006)
=516  \\$aPDF format.
=500  \\$aPassword required.
=856  40$uhttp://downloadastory.com/
=852  41$aBritish Library$bHMNTS$j475618$cDRT
=CAT  \\$a10902$b40$c20051124$lBLL01$h1554
=CAT  \\$a11249$b40$c20051129$lBLL01$h0857
=CAT  \\$a11281$b40$c20060113$lBLL01$h1207
=CAT  \\$aBATCH$b00$c20080505$lBLL01$h1320
=CAT  \\$aWR13.144/5$c20140418$lBLL01$h0934
=CAT  \\$aW1711-1225$c20171203$lBLL01$h1023
=FIN  \\$aY$d20060113
=DRT  \\$aVDEP
=STA  \\$aSUPPRESSED$bunable to determine reason for suppression
=LAS  \\$aW1711-1225$b00$c20171203$lBLL01$h1023

