=LDR  02219 am a2200613 a 4500
=001  013351403
=003  Uk
=005  20060201155554.0
=006  m\\\\|\\\d\|\\\\\\
=007  cr||||||||||||
=008  051202s2005\\\\enk\\\\\s\\\\\000\0\eng\\
=FMT  \\$a  BK
=015  \\$aGBA613482$2bnb
=020  \\$cNo price
=040  \\$aUk$beng$cUk
=042  \\$aukblsr
=082  04$a331.11094$222
=100  1\$aArranz, José M.
=245  10$aLabour market transitions and wage dynamics in Europe$h[electronic resource] /$cJosé M. Arranz, Maria A. Davia and Carlos Garcia-Serrano.
=260  \\$aColchester :$bInstitute for Social and Economic Research,$c2005.
=336  \\$atext$2rdacontent
=337  \\$acomputer$2rdamedia
=338  \\$aonline resource$2rdacarrier
=490  0\$aISER working paper ;$v2005-17
=538  \\$aMode of access: World Wide Web.
=538  \\$aSystem requirements: Adobe Acrobat Reader.
=500  \\$aTitle from PDF title page (viewed on 13 January, 2006)
=516  \\$aPDF format.
=650  \0$aLabor supply$zEurope.
=650  \0$aUnemployed$zEurope.
=650  \0$aWages$zEurope.
=690  7\$aManagement and Business Studies$2blcoll
=700  1\$aDavia, Maria A.
=700  1\$aGarcía Serrano, Carlos.
=710  2\$aUniversity of Essex.$bInstitute for Social and Economic Research.
=856  40$uhttp://www.iser.essex.ac.uk/pubs/workpaps/pdf/2005-17.pdf
=852  41$aBritish Library$bHMNTS$j441484$cDRT
=CAT  \\$a6524$b40$c20051202$lBLL01$h0858
=CAT  \\$a6524$b40$c20051202$lBLL01$h0859
=CAT  \\$a11249$b40$c20051206$lBLL01$h0905
=CAT  \\$a11281$b40$c20060113$lBLL01$h1424
=CAT  \\$a5194$b40$c20060201$lBLL01$h1530
=CAT  \\$a5194$b40$c20060201$lBLL01$h1555
=CAT  \\$aBATCH-UPD$b40$c20070912$lBLL01$h2023
=CAT  \\$aBATCH$b00$c20080505$lBLL01$h1320
=CAT  \\$aBATCH$b00$c20090624$lBLL01$h1708
=CAT  \\$aBATCH-UPD$b00$c20090920$lBLL01$h1527
=CAT  \\$aWR10_184$c20101208$lBLL01$h1636
=CAT  \\$aWR12-140$c20121030$lBLL01$h1049
=CAT  \\$aWR13.144/5$c20140418$lBLL01$h0934
=FIN  \\$aY$d20060113
=DRT  \\$aVDEP
=STA  \\$aSUPPRESSED$bWR10_184
=LAS  \\$aWR13.144/5$b00$c20140418$lBLL01$h0934

