=LDR  02345 am a2200649 a 4500
=001  013351412
=003  Uk
=005  20060206093109.0
=006  m\\\\|\\\d\|\\\\\\
=007  cr||||||||||||
=008  051202s2005\\\\enk\\\\\s\\\\\000\0\eng\\
=FMT  \\$a  BK
=015  \\$aGBA613880$2bnb
=020  \\$cNo price
=040  \\$aUk$beng$cUk
=042  \\$aukblsr
=082  04$a306.8743$222
=100  1\$aFort, Margherita.
=245  10$aEducation and the timing of births$h[electronic resource] :$bevidence from a natural experiment in Italy /$cMargherita Fort.
=260  \\$aColchester :$bInstitute for Social and Economic Research,$c2005.
=336  \\$atext$2rdacontent
=337  \\$acomputer$2rdamedia
=338  \\$aonline resource$2rdacarrier
=490  1\$aISER working paper ;$v2005-20
=538  \\$aMode of access: World Wide Web.
=538  \\$aSystem requirements: Adobe Acrobat Reader.
=500  \\$aTitle from PDF title page (viewed on 17 January, 2006)
=516  \\$aPDF format.
=650  \0$aMotherhood$zItaly.
=650  \0$aMaternal age$zItaly.
=650  \0$aEducation$zItaly.
=650  \0$aChoice (Psychology)
=690  7\$aSocial Welfare$2blcoll
=710  2\$aUniversity of Essex.$bInstitute for Social and Economic Research.
=856  40$uhttp://www.iser.essex.ac.uk/pubs/workpaps/pdf/2005-20.pdf
=830  \0$aISER working paper ;$v2005-20.
=852  41$aBritish Library$bHMNTS$j441467$cDRT
=CAT  \\$a6524$b40$c20051202$lBLL01$h0907
=CAT  \\$a6524$b40$c20051202$lBLL01$h0908
=CAT  \\$a11249$b40$c20051206$lBLL01$h0904
=CAT  \\$a11281$b40$c20060117$lBLL01$h0832
=CAT  \\$a11281$b40$c20060117$lBLL01$h0919
=CAT  \\$a5194$b40$c20060206$lBLL01$h0931
=CAT  \\$aBATCH-UPD$b40$c20070912$lBLL01$h2023
=CAT  \\$aBATCH$b00$c20080505$lBLL01$h1320
=CAT  \\$aBATCH$b00$c20091217$lBLL01$h0407
=CAT  \\$aBATCH$b00$c20100103$lBLL01$h1201
=CAT  \\$aWR10_184$c20101208$lBLL01$h1636
=CAT  \\$aBATCH-UPD$b00$c20101208$lBLL01$h1643
=CAT  \\$aBATCH$b00$c20110625$lBLL01$h0517
=CAT  \\$aBATCH-SWP4$c20110627$lBLL01$h1559
=CAT  \\$aWR12-140$c20121030$lBLL01$h1049
=CAT  \\$aWR13.144/5$c20140418$lBLL01$h0934
=FIN  \\$aY$d20060117
=DRT  \\$aVDEP
=STA  \\$aSUPPRESSED$bWR10_184
=LAS  \\$aWR13.144/5$b00$c20140418$lBLL01$h0934

