=LDR  02257 am a2200613 a 4500
=001  013351420
=003  Uk
=005  20071008084339.0
=006  m\\\\|\\\d\|\\\\\\
=007  cr||||||||||||
=008  051202s2005\\\\enk\\\\\s\\\\\000\0\eng\\
=FMT  \\$a  BK
=015  \\$aGBA613886$2bnb
=020  \\$cNo price
=040  \\$aUk$beng$cUk
=042  \\$aukblsr
=082  04$a331.127$222
=100  1\$aRainer, Helmut.
=245  10$aO brother, where art thou?$h[electronic resource] :$bthe effects of having a sibling on geographic mobility and labor market outcomes /$cHelmut Rainer and Thomas Siedler.
=260  \\$aColchester :$bInstitute for Social and Economic Research,$c2005.
=336  \\$atext$2rdacontent
=337  \\$acomputer$2rdamedia
=338  \\$aonline resource$2rdacarrier
=490  0\$aISER working paper ;$v2005-18
=538  \\$aMode of access: World Wide Web.
=538  \\$aSystem requirements: Adobe Acrobat Reader.
=500  \\$aTitle from PDF title page (viewed on 17 January, 2006).
=516  \\$aPDF format.
=650  \0$aLabor mobility.
=650  \0$aAging parents$xCare.
=690  7\$aManagement and Business Studies$2blcoll
=690  7\$aSocial Welfare$2blcoll
=700  1\$aSiedler, Thomas.
=710  2\$aUniversity of Essex.$bInstitute for Social and Economic Research.
=856  40$uhttp://www.iser.essex.ac.uk/pubs/workpaps/pdf/2005-18.pdf
=852  41$aBritish Library$bHMNTS$j441487$cDRT
=CAT  \\$a6524$b40$c20051202$lBLL01$h0916
=CAT  \\$a6524$b40$c20051202$lBLL01$h0917
=CAT  \\$a11249$b40$c20051206$lBLL01$h0906
=CAT  \\$a11281$b40$c20060117$lBLL01$h0853
=CAT  \\$a11281$b40$c20060117$lBLL01$h0918
=CAT  \\$aBATCH-UPD$b40$c20070912$lBLL01$h2023
=CAT  \\$a11281$b40$c20071008$lBLL01$h0843
=CAT  \\$aBATCH$b00$c20080505$lBLL01$h1320
=CAT  \\$aBATCH$b00$c20090624$lBLL01$h1708
=CAT  \\$aWR10_184$c20101208$lBLL01$h1636
=CAT  \\$aBATCH$b00$c20110625$lBLL01$h0517
=CAT  \\$aBATCH-SWP4$c20110627$lBLL01$h1559
=CAT  \\$aWR12-140$c20121030$lBLL01$h1049
=CAT  \\$aWR13.144/5$c20140418$lBLL01$h0934
=FIN  \\$aY$d20060117
=DRT  \\$aVDEP
=STA  \\$aSUPPRESSED$bWR10_184
=LAS  \\$aWR13.144/5$b00$c20140418$lBLL01$h0934

