=LDR  01852 am a2200529 a 4500
=001  013369777
=003  Uk
=005  20060124084555.0
=006  m\\\\|\\\d\|\\\\\\
=007  cr||||||||||||
=008  060103s2005\\\\enk\\\\\s\\\\o000\0\eng\\
=FMT  \\$a  BK
=015  \\$aGBA616050$2bnb
=020  \\$cNo price
=040  \\$aUk$beng$cUk
=042  \\$aukblsr
=082  04$a331.12042094$222
=245  00$aPosting of workers directive$h[electronic resource]
=260  \\$a[London :$bDTI,$c2005].
=336  \\$atext$2rdacontent
=337  \\$acomputer$2rdamedia
=338  \\$aonline resource$2rdacarrier
=538  \\$aMode of access: World Wide Web.
=538  \\$aSystem requirements: Adobe Acrobat Reader.
=500  \\$aTitle from PDF title page (viewed on 24 January, 2006)
=516  \\$aPDF format.
=500  \\$aPublisher's no.: URN 05/1573.
=650  \0$aLabor laws and legislation$zEuropean Union countries.
=650  \0$aLabor policy$zEuropean Union countries.
=650  \0$aLabor$zEuropean Union countries.
=710  1\$aGreat Britain.$bDepartment of Trade and Industry.
=856  40$uhttp://www.dti.gov.uk/er/directive.htm
=852  41$aBritish Library$bHMNTS$j441640$cDRT
=985  \\$aRecord amended for WR# 13/070
=CAT  \\$a7750$b40$c20060103$lBLL01$h1434
=CAT  \\$a7750$b40$c20060103$lBLL01$h1435
=CAT  \\$a11249$b40$c20060112$lBLL01$h1206
=CAT  \\$a11281$b40$c20060124$lBLL01$h0845
=CAT  \\$aBATCH-UPD$b40$c20070723$lBLL01$h1608
=CAT  \\$aBATCH$b00$c20080505$lBLL01$h1320
=CAT  \\$aWR13_070$b00$c20130504$lBLL01$h0242
=CAT  \\$aWR13.144/5$c20140418$lBLL01$h0935
=CAT  \\$aW1711-1225$c20171203$lBLL01$h1023
=FIN  \\$aY$d20060124
=DRT  \\$aVDEP
=STA  \\$aSUPPRESSED$bunable to determine reason for suppression
=LAS  \\$aW1711-1225$b00$c20171203$lBLL01$h1023

