=LDR  01844 am a2200517 a 4500
=001  013370124
=003  Uk
=005  20060126114917.0
=006  m\\\\|\\\d\|\\\\\\
=007  cr||||||||||||
=008  060104s2005\\\\enk\\\\\s\\\\o000\0\eng\\
=FMT  \\$a  BK
=015  \\$aGBA617924$2bnb
=020  \\$cNo price
=040  \\$aUk$beng$cUk
=042  \\$aukblsr
=082  04$a344.4101892$222
=245  00$aIndustrial action and the law PL870 (rev. 6)$h[electronic resource]
=260  \\$a[London :$bDTI,$c2005].
=336  \\$atext$2rdacontent
=337  \\$acomputer$2rdamedia
=338  \\$aonline resource$2rdacarrier
=538  \\$aMode of access: World Wide Web.
=538  \\$aSystem requirements: IBM compatible PC.
=500  \\$aTitle from title screen (viewed on 26 January, 2006)
=516  \\$aHTML format.
=500  \\$aPublisher's no.: URN 05/1808
=650  \0$aLabor disputes$xLaw and legislation$zGreat Britain.
=650  \0$aStrikes and lockouts$xLaw and legislation$zGreat Britain.
=710  1\$aGreat Britain.$bDepartment of Trade and Industry.
=856  40$uhttp://www2.dti.gov.uk/er/union/employers-pl870.htm
=852  41$aBritish Library$bHMNTS$j441694$cDRT
=985  \\$aRecord amended for WR# 13/070
=CAT  \\$a10902$b40$c20060104$lBLL01$h0924
=CAT  \\$a10902$b40$c20060104$lBLL01$h0925
=CAT  \\$a11249$b40$c20060112$lBLL01$h1159
=CAT  \\$a11281$b40$c20060126$lBLL01$h1149
=CAT  \\$aBATCH-UPD$b40$c20070723$lBLL01$h1609
=CAT  \\$aBATCH$b00$c20080505$lBLL01$h1320
=CAT  \\$aWR13_070$b00$c20130504$lBLL01$h0243
=CAT  \\$aWR13.144/5$c20140418$lBLL01$h0935
=CAT  \\$aW1711-1225$c20171203$lBLL01$h1023
=FIN  \\$aY$d20060126
=DRT  \\$aVDEP
=STA  \\$aSUPPRESSED$bunable to determine reason for suppression
=LAS  \\$aW1711-1225$b00$c20171203$lBLL01$h1023

