=LDR  01780 am a2200505 a 4500
=001  013371290
=003  Uk
=005  20060130091405.0
=006  m\\\\|\\\d\|\\\\\\
=007  cr||||||||||||
=008  060104s2005\\\\enk\\\\\s\\\\o000\0\eng\\
=FMT  \\$a  BK
=015  \\$aGBA618111$2bnb
=020  \\$cNo price
=040  \\$aUk$beng$cUk
=042  \\$aukblsr
=082  04$a344.4101$222
=245  00$aTime off for public duties (PL702 rev. 5)$h[electronic resource] :$bemployment legislation.
=260  \\$a[London :$bDTI,$c2005].
=336  \\$atext$2rdacontent
=337  \\$acomputer$2rdamedia
=338  \\$aonline resource$2rdacarrier
=538  \\$aMode of access: World Wide Web.
=538  \\$aSystem requirements: IBM compatible PC.
=500  \\$aTitle from title screen (viewed on 30 January, 2006)
=516  \\$aHTML format.
=500  \\$aPublisher's no.: URN 05/1672.
=650  \0$aLabor laws and legislation$zGreat Britain.
=710  1\$aGreat Britain.$bDepartment of Trade and Industry.
=856  40$uhttp://www.dti.gov.uk/er/individual/time-pl702.htm
=852  41$aBritish Library$bHMNTS$j442663$cDRT
=985  \\$aRecord amended for WR# 13/070
=CAT  \\$a7750$b40$c20060104$lBLL01$h1100
=CAT  \\$a7750$b40$c20060104$lBLL01$h1101
=CAT  \\$a11249$b40$c20060112$lBLL01$h1252
=CAT  \\$a11281$b40$c20060130$lBLL01$h0914
=CAT  \\$aBATCH-UPD$b40$c20070723$lBLL01$h1609
=CAT  \\$aBATCH$b00$c20080505$lBLL01$h1320
=CAT  \\$aWR13_070$b00$c20130504$lBLL01$h0243
=CAT  \\$aWR13.144/5$c20140418$lBLL01$h0935
=CAT  \\$aW1711-1225$c20171203$lBLL01$h1023
=FIN  \\$aY$d20060130
=DRT  \\$aVDEP
=STA  \\$aSUPPRESSED$bunable to determine reason for suppression
=LAS  \\$aW1711-1225$b00$c20171203$lBLL01$h1023

