=LDR  01824 am a2200517 a 4500
=001  013371346
=003  Uk
=005  20060130140433.0
=006  m\\\\|\\\d\|\\\\\\
=007  cr||||||||||||
=008  060104s2005\\\\enk\\\\\s\\\\o000\0\eng\\
=FMT  \\$a  BK
=015  \\$aGBA618169$2bnb
=020  \\$cNo price
=040  \\$aUk$beng$cUk
=042  \\$aukblsr
=082  04$a344.4101
=245  00$aUnfairly dismissed? (PL712 rev. 20)$h[electronic resource] :$bemployment legislation.
=260  \\$a[London :$bDTI,$c2005].
=336  \\$atext$2rdacontent
=337  \\$acomputer$2rdamedia
=338  \\$aonline resource$2rdacarrier
=538  \\$aMode of access: World Wide Web.
=538  \\$aSystem requirements: Adobe Acrobat Reader.
=500  \\$aTitle from PDF title page (viewed on 30 January, 2006)
=516  \\$aPDF format.
=500  \\$aPublisher's no.: URN 05/1338.
=650  \0$aLabor laws and legislation$zGreat Britain.
=710  1\$aGreat Britain.$bDepartment of Trade and Industry.
=856  40$uhttp://www.dti.gov.uk/er/individual/unfair-pl712.htm
=852  41$aBritish Library$bHMNTS$j442670$cDRT
=985  \\$aRecord amended for WR# 13/070
=CAT  \\$a7750$b40$c20060104$lBLL01$h1119
=CAT  \\$a7750$b40$c20060104$lBLL01$h1120
=CAT  \\$a7750$b40$c20060104$lBLL01$h1125
=CAT  \\$a11249$b40$c20060112$lBLL01$h1402
=CAT  \\$a11281$b40$c20060130$lBLL01$h1404
=CAT  \\$aBATCH-UPD$b40$c20070723$lBLL01$h1609
=CAT  \\$aBATCH$b00$c20080505$lBLL01$h1320
=CAT  \\$aWR13_070$b00$c20130504$lBLL01$h0243
=CAT  \\$aWR13.144/5$c20140418$lBLL01$h0935
=CAT  \\$aW1711-1225$c20171203$lBLL01$h1023
=FIN  \\$aY$d20060130
=DRT  \\$aVDEP
=STA  \\$aSUPPRESSED$bunable to determine reason for suppression
=LAS  \\$aW1711-1225$b00$c20171203$lBLL01$h1023

