=LDR  01698 am a2200493 a 4500
=001  013372806
=003  Uk
=005  20060201153522.0
=006  m\\\\|\\\d\|\\\\\\
=007  cr||||||||||||
=008  060106s2005\\\\enk\\\\\s\\\\o000\0\eng\\
=FMT  \\$a  BK
=015  \\$aGBA620190$2bnb
=020  \\$cNo price
=040  \\$aUk$beng$cUk
=042  \\$aukblsr
=082  04$a363.0941$222
=245  00$aDTI public service agreement targets for 2005-2008$h[electronic resource]
=260  \\$a[London :$bDTI,$c2005].
=336  \\$atext$2rdacontent
=337  \\$acomputer$2rdamedia
=338  \\$aonline resource$2rdacarrier
=538  \\$aMode of access: World Wide Web.
=538  \\$aSystem requirements: IBM compatible PC.
=500  \\$aTitle from title screen (viewed on 1 February, 2006)
=516  \\$aHTML format.
=500  \\$aPublisher's no.: URN no. 05/1871.
=650  \0$aMunicipal services$zGreat Britain.
=710  1\$aGreat Britain.$bDepartment of Trade and Industry.
=856  40$uhttp://www.dti.gov.uk/psa_target.html
=852  41$aBritish Library$bHMNTS$j442640$cDRT
=985  \\$aRecord amended for WR# 13/070
=CAT  \\$a10902$b40$c20060106$lBLL01$h0825
=CAT  \\$a11249$b40$c20060112$lBLL01$h1116
=CAT  \\$a11281$b40$c20060201$lBLL01$h1535
=CAT  \\$aBATCH-UPD$b40$c20070723$lBLL01$h1610
=CAT  \\$aBATCH$b00$c20080505$lBLL01$h1320
=CAT  \\$aWR13_070$b00$c20130504$lBLL01$h0243
=CAT  \\$aWR13.144/5$c20140418$lBLL01$h0935
=CAT  \\$aW1711-1225$c20171203$lBLL01$h1023
=FIN  \\$aY$d20060201
=DRT  \\$aVDEP
=STA  \\$aSUPPRESSED$bunable to determine reason for suppression
=LAS  \\$aW1711-1225$b00$c20171203$lBLL01$h1023

