=LDR  01877 am a2200529 a 4500
=001  013374338
=003  Uk
=005  20060213152511.0
=006  m\\\\|\\\d\|\\\\\\
=007  cr||||||||||||
=008  060110s2005\\\\enk\\\\\s\\\\o000\0\eng\\
=FMT  \\$a  BK
=015  \\$aGBA622323$2bnb
=020  \\$cNo price
=040  \\$aUk$beng$cUk
=042  \\$aukblsr
=082  04$a331.880941$222
=245  00$aUnjustifiable discipline by a trade union PL865 (rev. 3)$h[electronic resource]
=260  \\$a[London] :$bDTI,$c[2005].
=336  \\$atext$2rdacontent
=337  \\$acomputer$2rdamedia
=338  \\$aonline resource$2rdacarrier
=538  \\$aMode of access: World Wide Web.
=538  \\$aSystem requirements: IBM compatible PC.
=500  \\$aTitle from title screen (viewed on 13 February, 2006)
=516  \\$aHTML format.
=500  \\$aPublisher's no.: URN no. 05/1812.
=650  \0$aLabor discipline$zGreat Britain.
=650  \0$aLabor unions$xLaw and legislation$zGreat Britain.
=650  \0$aLabor unions$zGreat Britain.
=710  1\$aGreat Britain.$bDepartment of Trade and Industry.
=856  40$uhttp://www.dti.gov.uk/er/union/unjust-pl865.htm
=852  41$aBritish Library$bHMNTS$j442851$cDRT
=985  \\$aRecord amended for WR# 13/070
=CAT  \\$a10902$b40$c20060110$lBLL01$h0822
=CAT  \\$a11249$b40$c20060112$lBLL01$h1402
=CAT  \\$a11281$b40$c20060213$lBLL01$h0914
=CAT  \\$a11281$b40$c20060213$lBLL01$h1525
=CAT  \\$aBATCH-UPD$b40$c20070723$lBLL01$h1611
=CAT  \\$aBATCH$b00$c20080505$lBLL01$h1320
=CAT  \\$aWR13_070$b00$c20130504$lBLL01$h0243
=CAT  \\$aWR13.144/5$c20140418$lBLL01$h0935
=CAT  \\$aW1711-1225$c20171203$lBLL01$h1023
=FIN  \\$aY$d20060213
=DRT  \\$aVDEP
=STA  \\$aSUPPRESSED$bunable to determine reason for suppression
=LAS  \\$aW1711-1225$b00$c20171203$lBLL01$h1023

