=LDR  02172 am a2200577 a 4500
=001  013374411
=003  Uk
=005  20071105073814.0
=006  m\\\\|\\\d\|\\\\\\
=007  cr||||||||||||
=008  060110s2004\\\\enk\\\\\s\\\\\000\0\eng\\
=FMT  \\$a  BK
=015  \\$aGBA620742$2bnb
=020  \\$a0955048745 :$cNo price
=040  \\$aUk$beng$cUk
=042  \\$aukblsr
=082  04$a618.92462$222
=100  1\$aSutcliffe, Katy.
=245  10$aChildren as partners in their diabetes health care$h[electronic resource] :$ban exploratory research study September - December 2003 /$cKaty Sutcliffe, Priscilla Alderson and Katherine Curtis.
=260  \\$aLondon :$bSocial Science Research Unit,$c2004.
=336  \\$atext$2rdacontent
=337  \\$acomputer$2rdamedia
=338  \\$aonline resource$2rdacarrier
=538  \\$aMode of access: World Wide Web.
=538  \\$aSystem requirements: Adobe Acrobat Reader.
=500  \\$aTitle from PDF title page (viewed on 7 Feb., 2006).
=516  \\$aPDF format.
=650  \0$aDiabetes in children.
=650  \0$aDiabetes in children$xCare and treatment.
=700  1\$aAlderson, Priscilla.
=700  1\$aCurtis, Katherine.
=710  1\$aGreat Britain.$bSocial Science Research Unit.
=710  2\$aUniversity of London.$bInstitute of Education.
=710  2\$aCity University (London, England).$bChild Health Research and Policy Unit.
=856  40$uhttp://www.ioe.ac.uk/ssru/reports/DiabetesReportFinal.pdf
=852  41$aBritish Library$bHMNTS$j442776$cDRT
=985  \\$a710/3 = new hdg.
=CAT  \\$a7750$b40$c20060110$lBLL01$h0926
=CAT  \\$a11249$b40$c20060112$lBLL01$h1107
=CAT  \\$a7332$b40$c20060208$lBLL01$h0916
=CAT  \\$aBATCH-UPD$b40$c20070912$lBLL01$h2023
=CAT  \\$a7332$b40$c20071105$lBLL01$h0738
=CAT  \\$aBATCH$b00$c20080505$lBLL01$h1320
=CAT  \\$aWR10_184$c20101208$lBLL01$h1636
=CAT  \\$aWR12-140$c20121030$lBLL01$h1049
=CAT  \\$aBATCH-UPD$b00$c20130323$lBLL01$h2106
=CAT  \\$aWR13.144/5$c20140418$lBLL01$h0935
=FIN  \\$aY$d20060208
=DRT  \\$aVDEP
=STA  \\$aSUPPRESSED$bWR10_184
=LAS  \\$aWR13.144/5$b00$c20140418$lBLL01$h0935

