=LDR  02196 am a2200589 a 4500
=001  013430608
=003  Uk
=005  20071008090420.0
=006  m\\\\|\\\d\|\\\\\\
=007  cr||||||||||||
=008  060321s2005\\\\enk\\\\\s\\\\\000\0\eng\\
=FMT  \\$a  BK
=015  \\$aGBA641228$2bnb
=020  \\$cNo price
=040  \\$aUk$beng$cUk
=042  \\$aukblsr
=082  04$a658.787$222
=100  1\$aLand, Frank,$d1928-
=245  10$aLeo II and the model T ford$h[electronic resource] /$cFrank Land.
=260  \\$aLondon :$bLondon School of Economics and political Science,$c2005.
=336  \\$atext$2rdacontent
=337  \\$acomputer$2rdamedia
=338  \\$aonline resource$2rdacarrier
=490  1\$aWorking paper series (LSE Dept. of Information Systems) ;$v137
=538  \\$aMode of access: World Wide Web.
=538  \\$aSystem requirements: Adobe Acrobat Reader.
=500  \\$aTitle from PDF title page (viewed on 13 April, 2006).
=516  \\$aPDF format.
=690  7\$aManagement and Business Studies$2blcoll
=610  20$aFord Motor Company.
=650  \0$aBusiness$xComputer programs.
=650  \0$aInventory control.
=710  2\$aLondon School of Economics and Political Science.$bDepartment of Information Systems.
=856  40$uhttp://is2.lse.ac.uk/wp/pdf/WP137.PDF
=830  \0$aWorking paper series (London School of Economics and Political Science. Department of Information Systems) ;$v137.
=852  41$aBritish Library$bHMNTS$j510895$cDRT
=985  \\$aRecord amended for WR# 13/070
=CAT  \\$a7750$b40$c20060321$lBLL01$h1104
=CAT  \\$a7750$b40$c20060321$lBLL01$h1106
=CAT  \\$a11281$b40$c20060413$lBLL01$h1008
=CAT  \\$aBATCH-UPD$b40$c20070912$lBLL01$h2023
=CAT  \\$a11281$b40$c20071008$lBLL01$h0904
=CAT  \\$aBATCH$b00$c20080505$lBLL01$h1320
=CAT  \\$aBATCH$b00$c20090624$lBLL01$h1712
=CAT  \\$aWR10_184$c20101208$lBLL01$h1636
=CAT  \\$aWR12-140$c20121030$lBLL01$h1049
=CAT  \\$aWR13_070$b00$c20130504$lBLL01$h0244
=CAT  \\$aWR13.144/5$c20140418$lBLL01$h0936
=FIN  \\$aY$d20060413
=DRT  \\$aVDEP
=STA  \\$aSUPPRESSED$bWR10_184
=LAS  \\$aWR13.144/5$b00$c20140418$lBLL01$h0936

