=LDR  02334 am a2200577 a 4500
=001  013430717
=003  Uk
=005  20071008090534.0
=006  m\\\\|\\\d\|\\\\\\
=007  cr||||||||||||
=008  060321s2005\\\\enk\\\\\sb\\\\000\0\eng\\
=FMT  \\$a  BK
=015  \\$aGBA641374$2bnb
=020  \\$cNo price
=040  \\$aUk$beng$cUk
=042  \\$aukblsr
=082  04$a382$222
=100  1\$aFalvey, Rodney E.
=245  10$aMarket size and antidumping in duopolistic competition$h[electronic resource] /$cby Rod Falvey and Sarut Wittayarungruangsri.
=260  \\$aNottingham :$bUniversity of Nottingham,$c2005.
=336  \\$atext$2rdacontent
=337  \\$acomputer$2rdamedia
=338  \\$aonline resource$2rdacarrier
=490  1\$aResearch paper series. Globalisation, productivity and technology ;$v2005/21
=538  \\$aMode of access: World Wide Web.
=538  \\$aSystem requirements: Adobe Acrobat Reader.
=500  \\$aTitle from PDF title page (viewed on 18 April, 2006).
=516  \\$aPDF format.
=504  \\$aIncludes bibliographical references.
=650  \0$aDumping (International trade)
=690  7\$aManagement and Business Studies$2blcoll
=700  1\$aWittayarungruangsri, Sarut.
=710  2\$aLeverhulme Centre for Research on Globalisation and Economic Policy (University of Nottingham)
=830  \0$aResearch paper series (Leverhulme Centre for Research on Globalisation and Economic Policy. University of Nottingham)).$pGlobalisation, productivity and technology ;$v2005/21.
=856  40$uhttp://www.nottingham.ac.uk/economics/leverhulme/research_papers/05%20_21.pdf
=852  41$aBritish Library$bHMNTS$j457176$cDRT
=CAT  \\$a10902$b40$c20060321$lBLL01$h1231
=CAT  \\$a10902$b40$c20060321$lBLL01$h1232
=CAT  \\$a10902$b40$c20060323$lBLL01$h1113
=CAT  \\$a11281$b40$c20060418$lBLL01$h1540
=CAT  \\$aBATCH-UPD$b40$c20070912$lBLL01$h2023
=CAT  \\$a11281$b40$c20071008$lBLL01$h0905
=CAT  \\$aBATCH$b00$c20080505$lBLL01$h1320
=CAT  \\$aBATCH$b00$c20090624$lBLL01$h1712
=CAT  \\$aWR10_184$c20101208$lBLL01$h1636
=CAT  \\$aWR12-140$c20121030$lBLL01$h1049
=CAT  \\$aWR13.144/5$c20140418$lBLL01$h0936
=FIN  \\$aY$d20060418
=DRT  \\$aVDEP
=STA  \\$aSUPPRESSED$bWR10_184
=LAS  \\$aWR13.144/5$b00$c20140418$lBLL01$h0936

