=LDR  02282 am a2200589 a 4500
=001  013430774
=003  Uk
=005  20071105083133.0
=006  m\\\\|\\\d\|\\\\\\
=007  cr||||||||||||
=008  060321s2005\\\\enk\\\\\sb\\\\000\0\eng\\
=FMT  \\$a  BK
=015  \\$aGBA641550$2bnb
=020  \\$cNo price
=040  \\$aUk$beng$cUk
=042  \\$aukblsr
=082  04$a323.445$222
=100  1\$aFreille, Sebastian.
=245  12$aA contribution to the empirics of press freedom and corruption$h[electronic resource] /$cSebastian Freille, M. Emranul Haque, Richard Kneller.
=260  \\$aNottingham :$bUniversity of Nottingham,$c2005.
=336  \\$atext$2rdacontent
=337  \\$acomputer$2rdamedia
=338  \\$aonline resource$2rdacarrier
=490  1\$aResearch paper series ;$v2005/24
=538  \\$aMode of access: World Wide Web.
=538  \\$aSystem requirements: Adobe Acrobat Reader.
=500  \\$aTitle from PDF title page (viewed on 20 April, 2006).
=516  \\$aPDF format.
=504  \\$aIncludes bibliographical references.
=650  \0$aFreedom of the press.
=650  \0$aFreedom of the press$xMathematical models.
=700  1\$aHaque, M. Emranul.
=700  1\$aKneller, Richard.
=710  2\$aLeverhulme Centre for Research on Globalisation and Economic Policy (University of Nottingham)
=830  \0$aResearch paper series (Leverhulme Centre for Research on Globalisation and Economic Policy. University of Nottingham) ;$v2005/24.
=856  40$uhttp://www.nottingham.ac.uk/economics/leverhulme/research_papers/05_24.pdf
=852  41$aBritish Library$bHMNTS$j457148$cDRT
=CAT  \\$a10902$b40$c20060321$lBLL01$h1336
=CAT  \\$a10902$b40$c20060321$lBLL01$h1337
=CAT  \\$a10902$b40$c20060323$lBLL01$h1111
=CAT  \\$a11281$b40$c20060420$lBLL01$h1426
=CAT  \\$a7332$b40$c20060427$lBLL01$h1112
=CAT  \\$aBATCH-UPD$b40$c20070912$lBLL01$h2023
=CAT  \\$a7332$b40$c20071105$lBLL01$h0831
=CAT  \\$aBATCH$b00$c20080505$lBLL01$h1320
=CAT  \\$aWR10_184$c20101208$lBLL01$h1636
=CAT  \\$aWR12-140$c20121030$lBLL01$h1049
=CAT  \\$aWR13.144/5$c20140418$lBLL01$h0936
=FIN  \\$aY$d20060420
=DRT  \\$aVDEP
=STA  \\$aSUPPRESSED$bWR10_184
=LAS  \\$aWR13.144/5$b00$c20140418$lBLL01$h0936

