=LDR  02414 am a2200601 a 4500
=001  013433293
=003  Uk
=005  20071008091145.0
=006  m\\\\|\\\d\|\\\\\\
=007  cr||||||||||||
=008  060323s2005\\\\enk\\\\\sb\\\\000\0\eng\\
=FMT  \\$a  BK
=015  \\$aGBA641494$2bnb
=020  \\$cNo price
=040  \\$aUk$beng$cUk
=042  \\$aukblsr
=082  04$a338.06$222
=100  1\$aGreenaway, David.
=245  10$aFirm heterogeneity, exporting and foreign direct investment$h[electronic resource] :$ba survey /$cDavid Greenaway and Richard Kneller.
=260  \\$aNottingham :$bUniversity of Nottingham,$c2005.
=336  \\$atext$2rdacontent
=337  \\$acomputer$2rdamedia
=338  \\$aonline resource$2rdacarrier
=490  1\$aResearch paper series. Globalisation, productivity and technology ;$v2005/32
=538  \\$aMode of access: World Wide Web.
=538  \\$aSystem requirements: Adobe Acrobat Reader.
=500  \\$aTitle from PDF title page (viewed on 20 April, 2006).
=516  \\$aPDF format.
=504  \\$aIncludes bibliographical references.
=650  \0$aIndustrial productivity.
=650  \0$aInternational trade.
=690  7\$aManagement and Business Studies$2blcoll
=700  1\$aKneller, Richard.
=710  2\$aLeverhulme Centre for Research on Globalisation and Economic Policy (University of Nottingham)
=830  \0$aResearch paper series (Leverhulme Centre for Research on Globalisation and Economic Policy. University of Nottingham)).$pGlobalisation, productivity and technology ;$v2005/32.
=856  40$uhttp://www.nottingham.ac.uk/economics/leverhulme/research_papers/05_32.pdf
=852  41$aBritish Library$bHMNTS$j457158$cDRT
=CAT  \\$a10902$b40$c20060323$lBLL01$h0800
=CAT  \\$a10902$b40$c20060323$lBLL01$h0801
=CAT  \\$a10902$b40$c20060323$lBLL01$h1117
=CAT  \\$a11281$b40$c20060420$lBLL01$h0936
=CAT  \\$a11281$b40$c20060420$lBLL01$h0942
=CAT  \\$aBATCH-UPD$b40$c20070912$lBLL01$h2023
=CAT  \\$a11281$b40$c20071008$lBLL01$h0911
=CAT  \\$aBATCH$b00$c20080505$lBLL01$h1320
=CAT  \\$aBATCH$b00$c20090624$lBLL01$h1712
=CAT  \\$aWR10_184$c20101208$lBLL01$h1636
=CAT  \\$aWR12-140$c20121030$lBLL01$h1049
=CAT  \\$aWR13.144/5$c20140418$lBLL01$h0936
=FIN  \\$aY$d20060420
=DRT  \\$aVDEP
=STA  \\$aSUPPRESSED$bWR10_184
=LAS  \\$aWR13.144/5$b00$c20140418$lBLL01$h0936

