=LDR  02626 am a2200649 a 4500
=001  013433316
=003  Uk
=005  20071105083238.0
=006  m\\\\|\\\d\|\\\\\\
=007  cr||||||||||||
=008  060323s2005\\\\enk||||\s||||\00|\0\eng\\
=FMT  \\$a  BK
=015  \\$aGBA641685$2bnb
=020  \\$cNo price
=040  \\$aUk$beng$cUk
=042  \\$aukblsr
=082  04$a332.6730951$222
=100  1\$aGirma, Sourafel.
=245  10$aCan you teach old dragons new tricks?$h[electronic resource] :$bFDI and innovation activity in Chinese state-owned enterprises /$cby Sourafel Girma, Yundan Gong and Holger Görg.
=260  \\$a[Nottingham] :$bUniversity of Nottingham,$c2005.
=336  \\$atext$2rdacontent
=337  \\$acomputer$2rdamedia
=338  \\$aonline resource$2rdacarrier
=490  1\$aResearch paper series. China and the world economy ;$v2005/34
=538  \\$aMode of access: World Wide Web.
=538  \\$aSystem requirements: Adobe Acrobat Reader.
=500  \\$aTitle from PDF title page (viewed on 24 Apr., 2006).
=516  \\$aPDF format.
=650  \0$aInvestments, Foreign$zChina$xEconometric models.
=650  \0$aNew products$xEconomic aspects$zChina.
=650  \0$aGovernment ownership$zChina.
=650  \0$aCompetition$zChina.
=650  \0$aManufacturing industries$zChina.
=690  7\$aManagement and Business Studies$2blcoll
=700  1\$aGong, Yundan.
=700  1\$aGörg, Holger.
=710  2\$aLeverhulme Centre for Research on Globalisation and Economic Policy (University of Nottingham)
=830  \0$aResearch paper series (Leverhulme Centre for Research on Globalisation and Economic Policy. University of Nottingham)).$pChina and the world economy ;$v2005/34.
=856  40$uhttp://www.nottingham.ac.uk/economics/leverhulme/research_papers/05_34.pdf
=852  41$aBritish Library$bHMNTS$j457149$cDRT
=CAT  \\$a10902$b40$c20060323$lBLL01$h0831
=CAT  \\$a10902$b40$c20060323$lBLL01$h0832
=CAT  \\$a10902$b40$c20060323$lBLL01$h1029
=CAT  \\$a8141$b40$c20060424$lBLL01$h1058
=CAT  \\$a8141$b40$c20060424$lBLL01$h1143
=CAT  \\$a7332$b40$c20060426$lBLL01$h0836
=CAT  \\$aBATCH-UPD$b40$c20070912$lBLL01$h2023
=CAT  \\$a7332$b40$c20071105$lBLL01$h0832
=CAT  \\$aBATCH$b00$c20080505$lBLL01$h1320
=CAT  \\$aBATCH$b00$c20090624$lBLL01$h1712
=CAT  \\$aWR10_184$c20101208$lBLL01$h1636
=CAT  \\$aWR12-140$c20121030$lBLL01$h1049
=CAT  \\$aWR13.144/5$c20140418$lBLL01$h0936
=FIN  \\$aY$d20060424
=DRT  \\$aVDEP
=STA  \\$aSUPPRESSED$bWR10_184
=LAS  \\$aWR13.144/5$b00$c20140418$lBLL01$h0936

