=LDR  02460 am a2200625 a 4500
=001  013433343
=003  Uk
=005  20071105083406.0
=006  m\\\\|\\\d\|\\\\\\
=007  cr||||||||||||
=008  060323s2005\\\\enk\\\\\sb\\\\000\0\eng\\
=FMT  \\$a  BK
=015  \\$aGBA641576$2bnb
=020  \\$cNo price
=040  \\$aUk$beng$cUk
=042  \\$aukblsr
=082  04$a382.71$222
=100  1\$aGuldager Jørgensen, Jan.
=245  10$aWelfare-reducing trade liberalization$h[electronic resource] /$cby Jan Guldager Jorgensen and Philipp J.H. Schr̈oder.
=260  \\$aNottingham :$bUniversity of Nottingham,$c2005.
=336  \\$atext$2rdacontent
=337  \\$acomputer$2rdamedia
=338  \\$aonline resource$2rdacarrier
=490  1\$aResearch paper series. Theory and methods ;$v2005/36
=538  \\$aMode of access: World Wide Web.
=538  \\$aSystem requirements: Adobe Acrobat Reader.
=500  \\$aTitle from PDF title page (viewed on 20 April, 2006).
=516  \\$aPDF format.
=504  \\$aIncludes bibliographical references.
=650  \0$aFree trade.
=650  \0$aFree trade$xMathematical models.
=650  \0$aInternational business enterprises.
=690  7\$aManagement and Business Studies$2blcoll
=700  1\$aSchroder, Philipp J. H.
=710  2\$aLeverhulme Centre for Research on Globalisation and Economic Policy (University of Nottingham)
=830  \0$aResearch paper series (Leverhulme Centre for Research on Globalisation and Economic Policy. University of Nottingham)$pTheory and methods ;$v2005/36.
=856  40$uhttp://www.nottingham.ac.uk/economics/leverhulme/research_papers/05_36.pdf
=852  41$aBritish Library$bHMNTS$j457200$cDRT
=CAT  \\$a10902$b40$c20060323$lBLL01$h0856
=CAT  \\$a10902$b40$c20060323$lBLL01$h0857
=CAT  \\$a10902$b40$c20060323$lBLL01$h1026
=CAT  \\$a11281$b40$c20060420$lBLL01$h1656
=CAT  \\$a11281$b40$c20060420$lBLL01$h1658
=CAT  \\$a7332$b40$c20060504$lBLL01$h1500
=CAT  \\$aBATCH-UPD$b40$c20070912$lBLL01$h2023
=CAT  \\$a7332$b40$c20071105$lBLL01$h0834
=CAT  \\$aBATCH$b00$c20080505$lBLL01$h1320
=CAT  \\$aBATCH$b00$c20090624$lBLL01$h1712
=CAT  \\$aWR10_184$c20101208$lBLL01$h1636
=CAT  \\$aWR12-140$c20121030$lBLL01$h1049
=CAT  \\$aWR13.144/5$c20140418$lBLL01$h0936
=FIN  \\$aY$d20060420
=DRT  \\$aVDEP
=STA  \\$aSUPPRESSED$bWR10_184
=LAS  \\$aWR13.144/5$b00$c20140418$lBLL01$h0936

