=LDR  02340 am a2200601 a 4500
=001  013434210
=003  Uk
=005  20071011091646.0
=006  m\\\\|\\\d\|\\\\\\
=007  cr||||||||||||
=008  060323s2005\\\\enk||||\s||||\00|\0\eng\\
=FMT  \\$a  BK
=015  \\$aGBA641710$2bnb
=020  \\$cNo price
=040  \\$aUk$beng$cUk
=042  \\$aukblsr
=082  04$a338.51015195$222
=100  1\$aMarjit, Sugata,$d1959-
=245  10$aQuota as a competitive device$h[electronic resource] /$cby Sugata Marjit, Tarun Kabiraj, and Arijit Mukherjee.
=260  \\$a[Nottingham] :$bUniversity of Nottingham,$c2005.
=336  \\$atext$2rdacontent
=337  \\$acomputer$2rdamedia
=338  \\$aonline resource$2rdacarrier
=490  1\$aResearch paper series. Theory and methods ;$v2005/37
=538  \\$aMode of access: World Wide Web.
=538  \\$aSystem requirements: Adobe Acrobat Reader.
=500  \\$aTitle from PDF title page (viewed on 24 Apr., 2006).
=516  \\$aPDF format.
=650  \0$aConsumers' surplus.
=650  \0$aProduction functions (Economic theory)
=650  \0$aExport controls.
=650  \0$aCompetition, Imperfect$xEconometric models.
=690  7\$aManagement and Business Studies$2blcoll
=700  1\$aKabiraj, Tarun.
=700  1\$aMukherjee, Arijit.
=710  2\$aLeverhulme Centre for Research on Globalisation and Economic Policy (University of Nottingham)
=830  \0$aResearch paper series (Leverhulme Centre for Research on Globalisation and Economic Policy. University of Nottingham)).$pTheory and methods ;$v2005/37.
=856  40$uhttp://www.nottingham.ac.uk/economics/leverhulme/research_papers/05_37.pdf
=852  41$aBritish Library$bHMNTS$j457195$cDRT
=CAT  \\$a10902$b40$c20060323$lBLL01$h1625
=CAT  \\$a10902$b40$c20060323$lBLL01$h1626
=CAT  \\$a8141$b40$c20060424$lBLL01$h1304
=CAT  \\$aBATCH-UPD$b40$c20070912$lBLL01$h2023
=CAT  \\$a8141$b40$c20071011$lBLL01$h0916
=CAT  \\$aBATCH$b00$c20080505$lBLL01$h1320
=CAT  \\$aBATCH$b00$c20090624$lBLL01$h1712
=CAT  \\$aWR10_184$c20101208$lBLL01$h1636
=CAT  \\$aWR12-140$c20121030$lBLL01$h1049
=CAT  \\$aWR13.144/5$c20140418$lBLL01$h0936
=FIN  \\$aY$d20060424
=DRT  \\$aVDEP
=STA  \\$aSUPPRESSED$bWR10_184
=LAS  \\$aWR13.144/5$b00$c20140418$lBLL01$h0936

