=LDR  02457 am a2200601 a 4500
=001  013434909
=003  Uk
=005  20071011091848.0
=006  m\\\\|\\\d\|\\\\\\
=007  cr||||||||||||
=008  060327s2005\\\\enk||||\sb\\\\00|\0\eng\\
=FMT  \\$a  BK
=015  \\$aGBA641724$2bnb
=020  \\$cNo price
=040  \\$aUk$beng$cUk
=042  \\$aukblsr
=082  04$a338.922015195$222
=100  1\$aGörg, Holger.
=245  10$aMoney for nothing$h[electronic resource] :$bthe effect of R&D subsidies on private R&D /$cby Holger Görg and Eric Strobl.
=260  \\$a[Nottingham] :$bUniversity of Nottingham,$c2005.
=336  \\$atext$2rdacontent
=337  \\$acomputer$2rdamedia
=338  \\$aonline resource$2rdacarrier
=490  1\$aResearch paper series. Globalisation, productivity and technology ;$v2005/38
=538  \\$aMode of access: World Wide Web.
=538  \\$aSystem requirements: Adobe Acrobat Reader.
=500  \\$aTitle from PDF title page (viewed on 24 Apr., 2006).
=516  \\$aPDF format.
=504  \\$aIncludes bibliographical references.
=650  \0$aResearch, Industrial$zIreland$xFinance.
=650  \0$aSubsidies$zIreland$xEconometric models.
=650  \0$aResearch grants$zIreland$xEconometric models.
=690  7\$aManagement and Business Studies$2blcoll
=700  1\$aStrobl, Eric,$d1969-
=710  2\$aLeverhulme Centre for Research on Globalisation and Economic Policy (University of Nottingham)
=830  \0$aResearch paper series (Leverhulme Centre for Research on Globalisation and Economic Policy. University of Nottingham)).$pGlobalisation, productivity and technology ;$v2005/38.
=856  40$uhttp://www.nottingham.ac.uk/economics/leverhulme/research_papers/05_38.pdf
=852  41$aBritish Library$bHMNTS$j500827$cDRT
=CAT  \\$a10902$b40$c20060327$lBLL01$h0911
=CAT  \\$a10902$b40$c20060327$lBLL01$h0912
=CAT  \\$a10902$b40$c20060327$lBLL01$h0913
=CAT  \\$a8141$b40$c20060424$lBLL01$h1429
=CAT  \\$aBATCH-UPD$b40$c20070912$lBLL01$h2023
=CAT  \\$a8141$b40$c20071011$lBLL01$h0918
=CAT  \\$aBATCH$b00$c20080505$lBLL01$h1320
=CAT  \\$aBATCH$b00$c20090624$lBLL01$h1712
=CAT  \\$aWR10_184$c20101208$lBLL01$h1636
=CAT  \\$aWR12-140$c20121030$lBLL01$h1049
=CAT  \\$aWR13.144/5$c20140418$lBLL01$h0936
=FIN  \\$aY$d20060424
=DRT  \\$aVDEP
=STA  \\$aSUPPRESSED$bWR10_184
=LAS  \\$aWR13.144/5$b00$c20140418$lBLL01$h0936

