=LDR  02598 am a2200637 a 4500
=001  013435011
=003  Uk
=005  20071011092021.0
=006  m\\\\|\\\d\|\\\\\\
=007  cr||||||||||||
=008  060327s2005\\\\enk||||\s||||\00|\0\eng\\
=FMT  \\$a  BK
=015  \\$aGBA643685$2bnb
=020  \\$cNo price
=040  \\$aUk$beng$cUk
=042  \\$aukblsr
=082  04$a382.509438$222
=100  1\$aMilner, Chris.
=245  10$aCapturing regional integration effects in the presence of other trade shocks$h[electronic resource] :$bthe impact of the Europe agreement on Poland's imports /$cby Chris Milner and Katarzyna Sledziewska.
=260  \\$a[Nottingham] :$bUniversity of Nottingham,$c2005.
=336  \\$atext$2rdacontent
=337  \\$acomputer$2rdamedia
=338  \\$aonline resource$2rdacarrier
=490  1\$aResearch paper series ;$v2005/40
=538  \\$aMode of access: World Wide Web.
=538  \\$aSystem requirements: Adobe Acrobat Reader.
=500  \\$aTitle from PDF title page (viewed on 26 Apr., 2006).
=516  \\$aPDF format.
=650  \0$aImports$zPoland$xEconometric models.
=650  \0$aTariff$zPoland$xEconometric models.
=650  \0$aInternational economic integration.
=651  \0$aPoland$xCommerce$zEuropean Union countries.
=651  \0$aEuropean Union countries$xCommerce$zPoland.
=690  7\$aManagement and Business Studies$2blcoll
=700  1\$aŚledziewska, Katarzyna.
=710  2\$aLeverhulme Centre for Research on Globalisation and Economic Policy (University of Nottingham)
=830  \0$aResearch paper series (Leverhulme Centre for Research on Globalisation and Economic Policy (University of Nottingham)) ;$v2005/40.
=856  40$uhttp://www.nottingham.ac.uk/economics/leverhulme/research_papers/05_40.pdf
=852  41$aBritish Library$bHMNTS$j500814$cDRT
=CAT  \\$a10902$b40$c20060327$lBLL01$h1037
=CAT  \\$a10902$b40$c20060327$lBLL01$h1038
=CAT  \\$a8141$b40$c20060426$lBLL01$h0903
=CAT  \\$a8141$b40$c20060426$lBLL01$h1058
=CAT  \\$a8141$b40$c20060426$lBLL01$h1144
=CAT  \\$aBATCH-UPD$b40$c20070912$lBLL01$h2023
=CAT  \\$a8141$b40$c20071011$lBLL01$h0920
=CAT  \\$aBATCH$b00$c20080505$lBLL01$h1320
=CAT  \\$aBATCH$b00$c20090624$lBLL01$h1712
=CAT  \\$aWR10_184$c20101208$lBLL01$h1636
=CAT  \\$aWR12-140$c20121030$lBLL01$h1049
=CAT  \\$aWR13.144/5$c20140418$lBLL01$h0936
=CAT  \\$aBATCH-UPD$b00$c20180110$lBLL01$h1839
=FIN  \\$aY$d20060426
=DRT  \\$aVDEP
=STA  \\$aSUPPRESSED$bWR10_184
=LAS  \\$aBATCH-UPD$b00$c20180110$lBLL01$h1839

