=LDR  02637 am a2200625 a 4500
=001  013435030
=003  Uk
=005  20071105083512.0
=006  m\\\\|\\\d\|\\\\\\
=007  cr||||||||||||
=008  060327s2005\\\\enk||||\sb|||\00|\0\eng\\
=FMT  \\$a  BK
=015  \\$aGBA641738$2bnb
=020  \\$cNo price
=040  \\$aUk$beng$cUk
=042  \\$aukblsr
=082  04$a332.673015195$222
=100  1\$aBasu, Parantap.
=245  10$aForeign direct investment, inequality and growth$h[electronic resource] /$cby Parantap Basu and Alessandra Guariglia.
=260  \\$a[Nottingham] :$bUniversity of Nottingham,$c2005.
=336  \\$atext$2rdacontent
=337  \\$acomputer$2rdamedia
=338  \\$aonline resource$2rdacarrier
=490  1\$aResearch paper series. Globalisation, productivity and technology ;$v2005/41
=538  \\$aMode of access: World Wide Web.
=538  \\$aSystem requirements: Adobe Acrobat Reader.
=500  \\$aTitle from PDF title page (viewed on 24 Apr., 2006).
=516  \\$aPDF format.
=504  \\$aIncludes bibliographical references.
=650  \0$aInvestments, Foreign$zDeveloping countries$xEconometric models.
=650  \0$aHuman capital$zDeveloping countries$xEconometric models.
=650  \0$aIncome distribution$zDeveloping countries$xEconometric models.
=650  \0$aEconomic development$zDeveloping countries$xEconometric models.
=690  7\$aManagement and Business Studies$2blcoll
=700  1\$aGuariglia, Alessandra.
=710  2\$aLeverhulme Centre for Research on Globalisation and Economic Policy (University of Nottingham)
=830  \0$aResearch paper series (Leverhulme Centre for Research on Globalisation and Economic Policy. University of Nottingham)).$pGlobalisation, productivity and technology ;$v2005/41.
=856  40$uhttp://www.nottingham.ac.uk/economics/leverhulme/research_papers/05_41.pdf
=852  41$aBritish Library$bHMNTS$j500825$cDRT
=CAT  \\$a10902$b40$c20060327$lBLL01$h1050
=CAT  \\$a8141$b40$c20060424$lBLL01$h1523
=CAT  \\$a8141$b40$c20060424$lBLL01$h1527
=CAT  \\$a8141$b40$c20060424$lBLL01$h1534
=CAT  \\$a7332$b40$c20060426$lBLL01$h0828
=CAT  \\$aBATCH-UPD$b40$c20070912$lBLL01$h2023
=CAT  \\$a7332$b40$c20071105$lBLL01$h0835
=CAT  \\$aBATCH$b00$c20080505$lBLL01$h1320
=CAT  \\$aBATCH$b00$c20090624$lBLL01$h1712
=CAT  \\$aWR10_184$c20101208$lBLL01$h1636
=CAT  \\$aWR12-140$c20121030$lBLL01$h1049
=CAT  \\$aWR13.144/5$c20140418$lBLL01$h0936
=FIN  \\$aY$d20060424
=DRT  \\$aVDEP
=STA  \\$aSUPPRESSED$bWR10_184
=LAS  \\$aWR13.144/5$b00$c20140418$lBLL01$h0936

