=LDR  02594 am a2200649 a 4500
=001  013435052
=003  Uk
=005  20071011092401.0
=006  m\\\\|\\\d\|\\\\\\
=007  cr||||||||||||
=008  060327s2005\\\\enk||||\sb\\\\00|\0\eng\\
=FMT  \\$a  BK
=015  \\$aGBA641750$2bnb
=020  \\$cNo price
=040  \\$aUk$beng$cUk
=042  \\$aukblsr
=082  04$a338.884015195$222
=100  1\$aFerrett, B.$q(Ben)
=245  10$aCompeting for a duopoly$h[electronic resource] :$binternational trade and tax competition /$cby Ben Ferrett and Ian Wooton.
=260  \\$a[Nottingham] :$bUniversity of Nottingham,$c2005.
=336  \\$atext$2rdacontent
=337  \\$acomputer$2rdamedia
=338  \\$aonline resource$2rdacarrier
=490  1\$aResearch paper series. Theory and methods ;$v2005/42
=538  \\$aMode of access: World Wide Web.
=538  \\$aSystem requirements: Adobe Acrobat Reader.
=500  \\$aTitle from PDF title page (viewed on 24 Apr., 2006).
=516  \\$aPDF format.
=530  \\$aAlso issued in print format as a discussion paper (no. 5379) of the Centre for Economic Policy Research.
=504  \\$aIncludes bibliographical references.
=650  \0$aTaxation$xEconometric models.
=650  \0$aCompetition, International$xEconometric models.
=650  \0$aEquilibrium (Economics)
=650  \0$aInvestments, Foreign.
=650  \0$aOligopolies.
=650  \0$aDuopolies.
=690  7\$aManagement and Business Studies$2blcoll
=700  1\$aWooton, Ian.
=710  2\$aLeverhulme Centre for Research on Globalisation and Economic Policy (University of Nottingham)
=830  \0$aResearch paper series (Leverhulme Centre for Research on Globalisation and Economic Policy. University of Nottingham)).$pTheory and methods ;$v2005/42.
=856  40$uhttp://www.nottingham.ac.uk/economics/leverhulme/research_papers/05_42.pdf
=852  41$aBritish Library$bHMNTS$j500816$cDRT
=CAT  \\$a10902$b40$c20060327$lBLL01$h1105
=CAT  \\$a10902$b40$c20060327$lBLL01$h1106
=CAT  \\$a8141$b40$c20060424$lBLL01$h1620
=CAT  \\$aBATCH-UPD$b40$c20070912$lBLL01$h2023
=CAT  \\$a8141$b40$c20071011$lBLL01$h0921
=CAT  \\$a8141$b40$c20071011$lBLL01$h0924
=CAT  \\$aBATCH$b00$c20080505$lBLL01$h1320
=CAT  \\$aBATCH$b00$c20090624$lBLL01$h1712
=CAT  \\$aWR10_184$c20101208$lBLL01$h1636
=CAT  \\$aWR12-140$c20121030$lBLL01$h1049
=CAT  \\$aWR13.144/5$c20140418$lBLL01$h0936
=FIN  \\$aY$d20060424
=DRT  \\$aVDEP
=STA  \\$aSUPPRESSED$bWR10_184
=LAS  \\$aWR13.144/5$b00$c20140418$lBLL01$h0936

