=LDR  01736 am a2200481 a 4500
=001  013436247
=003  Uk
=005  20060424142225.0
=006  m\\\\|\\\d\|\\\\\\
=007  cr||||||||||||
=008  060328s2004\\\\enk\\\\\s\\\\o000\0\eng\\
=FMT  \\$a  BK
=020  \\$cNo price
=040  \\$aUk$beng$cUk
=042  \\$aukblsr
=082  04$a382.456234$222
=245  00$aChanges in crown immunity/export waivers, OGEL$h[electronic resource] :$bexports in support of UK government defence contracts.
=260  \\$a[London :$bDTI,$c2004].
=336  \\$atext$2rdacontent
=337  \\$acomputer$2rdamedia
=338  \\$aonline resource$2rdacarrier
=538  \\$aMode of access: World Wide Web.
=500  \\$aTitle from title page (viewed on 24 April, 2006)
=516  \\$aHtml format.
=500  \\$aPublisher's no.: URN 04/2257.
=650  \0$aArms control$zGreat Britain.
=650  \0$aExport controls$zGreat Britain.
=710  1\$aGreat Britain.$bDepartment of Trade and Industry.
=856  40$uhttp://www.dti.gov.uk/export.control/publications/modcrownimmunitynote.htm
=852  41$aBritish Library$bHMNTS$j510812$cDRT
=985  \\$aRecord amended for WR# 13/070
=CAT  \\$a7750$b40$c20060328$lBLL01$h1341
=CAT  \\$a7750$b40$c20060328$lBLL01$h1342
=CAT  \\$a11281$b40$c20060424$lBLL01$h1422
=CAT  \\$aBATCH-UPD$b40$c20070723$lBLL01$h1614
=CAT  \\$aBATCH$b00$c20080505$lBLL01$h1320
=CAT  \\$aWR13_070$b00$c20130504$lBLL01$h0244
=CAT  \\$aWR13.144/5$c20140418$lBLL01$h0937
=CAT  \\$aW1711-1225$c20171203$lBLL01$h1023
=FIN  \\$aY$d20060424
=DRT  \\$aVDEP
=STA  \\$aSUPPRESSED$bunable to determine reason for suppression
=LAS  \\$aW1711-1225$b00$c20171203$lBLL01$h1023

