=LDR  01831 am a2200505 a 4500
=001  013438628
=003  Uk
=005  20060503091946.0
=006  m\\\\|\\\d\|\\\\\\
=007  cr||||||||||||
=008  060329s2005\\\\enk\\\\\s\\\\o000\0\eng\\
=FMT  \\$a  BK
=015  \\$aGBA645212$2bnb
=020  \\$cNo price
=040  \\$aUk$beng$cUk
=042  \\$aukblsr
=082  04$a346.41043$222
=245  04$aThe Property Misdescriptions Act 1991$h[electronic resource] :$bthe Property Misdescriptions (Specified Matters) Order 1992.
=260  \\$a[London] :$bDTI,$c[2005].
=336  \\$atext$2rdacontent
=337  \\$acomputer$2rdamedia
=338  \\$aonline resource$2rdacarrier
=490  0\$aDTI consumer & competition policy guidance note
=538  \\$aMode of access: World Wide Web.
=538  \\$aSystem requirements: Adobe Acrobat Reader.
=500  \\$aTitle from PDF title page (viewed on 3 May, 2006)
=516  \\$aPDF format.
=500  \\$aPublisher's no.: URN 05/1901.
=650  \0$aReal property$zGreat Britain.
=710  1\$aGreat Britain.$bDepartment of Trade and Industry.
=856  40$uhttp://www.dti.gov.uk/ccp/topics1/guide/property_description.htm
=852  41$aBritish Library$bHMNTS$j510873$cDRT
=985  \\$aRecord amended for WR# 13/070
=CAT  \\$a7750$b40$c20060329$lBLL01$h0848
=CAT  \\$a7750$b40$c20060329$lBLL01$h0850
=CAT  \\$a11281$b40$c20060503$lBLL01$h0919
=CAT  \\$aBATCH-UPD$b40$c20070723$lBLL01$h1614
=CAT  \\$aBATCH$b00$c20080505$lBLL01$h1320
=CAT  \\$aWR13_070$b00$c20130504$lBLL01$h0244
=CAT  \\$aWR13.144/5$c20140418$lBLL01$h0937
=CAT  \\$aW1711-1225$c20171203$lBLL01$h1023
=FIN  \\$aY$d20060503
=DRT  \\$aVDEP
=STA  \\$aSUPPRESSED$bunable to determine reason for suppression
=LAS  \\$aW1711-1225$b00$c20171203$lBLL01$h1023

