=LDR  02091 am a2200577 a 4500
=001  013439984
=003  Uk
=005  20071008091348.0
=006  m\\\\|\\\d\|\\\\\\
=007  cr||||||||||||
=008  060330s2006\\\\enk\\\\\sb\\\\000\0\eng\\
=FMT  \\$a  BK
=015  \\$aGBA645422$2bnb
=020  \\$cNo price
=040  \\$aUk$beng$cUk
=042  \\$aukblsr
=082  04$a382$222
=100  1\$aFalvey, Rodney E.
=245  10$aTrade, human capital and labour market adjustment$h[electronic resource] /$cby Rod Falvey, David Greenaway and Joana Silva.
=260  \\$aNottingham :$bUniversity of Nottingham,$c2006.
=336  \\$atext$2rdacontent
=337  \\$acomputer$2rdamedia
=338  \\$aonline resource$2rdacarrier
=490  1\$aResearch paper series ;$v2006/03
=538  \\$aMode of access: World Wide Web.
=538  \\$aSystem requirements: Adobe Acrobat Reader.
=500  \\$aTitle from PDF title page (viewed on 5 May, 2006).
=516  \\$aPDF format.
=504  \\$aIncludes bibliographical references.
=650  \0$aLabor market.
=650  \0$aInternational trade.
=690  7\$aManagement and Business Studies$2blcoll
=700  1\$aGreenaway, David.
=700  1\$aSilva, Joana.
=830  \0$aResearch paper series (Leverhulme Centre for Research on Globalisation and Economic Policy) ;$v2006/03.
=856  40$uhttp://www.nottingham.ac.uk/economics/leverhulme/research_papers/06_03.pdf
=852  41$aBritish Library$bHMNTS$j500832$cDRT
=CAT  \\$a10902$b40$c20060330$lBLL01$h1350
=CAT  \\$a10902$b40$c20060330$lBLL01$h1352
=CAT  \\$a11281$b40$c20060505$lBLL01$h0908
=CAT  \\$aBATCH-UPD$b40$c20070912$lBLL01$h2023
=CAT  \\$a11281$b40$c20071008$lBLL01$h0913
=CAT  \\$aBATCH$b00$c20080505$lBLL01$h1320
=CAT  \\$aBATCH$b00$c20090624$lBLL01$h1712
=CAT  \\$aWR10_184$c20101208$lBLL01$h1636
=CAT  \\$aWR12-140$c20121030$lBLL01$h1049
=CAT  \\$aWR13.144/5$c20140418$lBLL01$h0937
=FIN  \\$aY$d20060505
=DRT  \\$aVDEP
=STA  \\$aSUPPRESSED$bWR10_184
=LAS  \\$aWR13.144/5$b00$c20140418$lBLL01$h0937

