=LDR  02205 am a22005773a 4500
=001  013440226
=003  Uk
=005  20080306122530.0
=006  m\\\\|\\\d\|\\\\\\
=007  cr||||||||||||
=008  060330s2004\\\\enk\\\\\s\\\\\100\0\eng\\
=FMT  \\$a  BK
=040  \\$aUk$beng$cUk
=042  \\$aukblsr
=082  04$a305.8924$222
=100  1\$aHorowitz, Jonathan T.
=245  14$aThe second OSCE conference on anti-semitism$h[electronic resource] :$b(28-29 April 2004, Berlin) /$ca report by Jonathan Horowitz.
=260  \\$aColchester :$b[University of Essex - Human Rights Centre,$c2004?].
=336  \\$atext$2rdacontent
=337  \\$acomputer$2rdamedia
=338  \\$aonline resource$2rdacarrier
=490  1\$aPapers in the theory and practice of human rights ;$vno. 37
=538  \\$aMode of access: World Wide Web.
=538  \\$aSystem requirements: Adobe Acrobat Reader.
=500  \\$aTitle from PDF title page (viewed on 24 Mar., 2006)
=516  \\$aPDF format.
=650  \0$aAntisemitism$vCongresses.
=690  7\$aSocial Welfare$2blcoll
=710  2\$aUniversity of Essex.$bHuman Rights Centre.
=856  40$uhttp://www2.essex.ac.uk/human_rights_centre/publications/paper37/paper37.pdf
=830  \0$aPapers in the theory and practice of human rights ;$vno. 37.
=852  41$aBritish Library$bHMNTS$j500831$cDRT
=CAT  \\$a10902$b40$c20060330$lBLL01$h1559
=CAT  \\$a10902$b40$c20060330$lBLL01$h1600
=CAT  \\$a7332$b40$c20060629$lBLL01$h0759
=CAT  \\$a7332$b40$c20060629$lBLL01$h0811
=CAT  \\$aBATCH-UPD$b40$c20070912$lBLL01$h2023
=CAT  \\$a11279$b40$c20080306$lBLL01$h1225
=CAT  \\$aBATCH$b00$c20080505$lBLL01$h1320
=CAT  \\$aBATCH$b00$c20091217$lBLL01$h0417
=CAT  \\$aBATCH$b00$c20100103$lBLL01$h1211
=CAT  \\$aWR10_184$c20101208$lBLL01$h1636
=CAT  \\$aBATCH$b00$c20110625$lBLL01$h0519
=CAT  \\$aBATCH-SWP4$c20110627$lBLL01$h1602
=CAT  \\$aWR12-140$c20121030$lBLL01$h1049
=CAT  \\$aWR13.144/5$c20140418$lBLL01$h0937
=CAT  \\$aBATCH-UPD$b00$c20181007$lBLL01$h2051
=FIN  \\$aY$d20060629
=DRT  \\$aVDEP
=STA  \\$aSUPPRESSED$bWR10_184
=LAS  \\$aBATCH-UPD$b00$c20181007$lBLL01$h2051

