=LDR  01942 am a2200553 a 4500
=001  013456056
=003  Uk
=005  20060510093910.0
=006  m\\\\|\\\d\|\\\\\\
=007  cr||||||||||||
=008  060426s2005\\\\enk\\\\\s\\\\o000\0\eng\\
=FMT  \\$a  BK
=015  \\$aGBA646996$2bnb
=020  \\$cNo price
=040  \\$aUk$beng$cUk
=042  \\$aukblsr
=082  04$a338.6420941$222
=245  00$aSmaller supplier_ _better value?$h[electronic resource]
=260  \\$a[London :$bDTI,$c2005].
=336  \\$atext$2rdacontent
=337  \\$acomputer$2rdamedia
=338  \\$aonline resource$2rdacarrier
=538  \\$aMode of access: World Wide Web.
=538  \\$aSystem requirements: Adobe Acrobat Reader.
=500  \\$aTitle from PDF title page (viewed on 10 May, 2006)
=516  \\$aPDF format.
=500  \\$aPublisher's no.: URN 05/1910.
=690  7\$aManagement and Business Studies$2blcoll
=650  \0$aSmall business$zGreat Britain.
=710  1\$aGreat Britain.$bDepartment of Trade and Industry.
=856  40$uhttp://www.sbs.gov.uk/SBS_Gov_files/services/small-supplier.pdf?pubpdfdload=05%2F1910
=852  41$aBritish Library$bHMNTS$j498230$cDRT
=985  \\$aRecord amended for WR# 13/070
=CAT  \\$a10902$b40$c20060426$lBLL01$h0846
=CAT  \\$a10902$b40$c20060426$lBLL01$h0847
=CAT  \\$a11281$b40$c20060510$lBLL01$h0936
=CAT  \\$a11281$b40$c20060510$lBLL01$h0939
=CAT  \\$aBATCH-UPD$b40$c20070723$lBLL01$h1617
=CAT  \\$aBATCH-UPD$b40$c20070912$lBLL01$h2023
=CAT  \\$aBATCH$b00$c20080505$lBLL01$h1320
=CAT  \\$aBATCH$b00$c20090624$lBLL01$h1713
=CAT  \\$aWR10_184$c20101208$lBLL01$h1636
=CAT  \\$aWR12-140$c20121030$lBLL01$h1049
=CAT  \\$aWR13_070$b00$c20130504$lBLL01$h0244
=CAT  \\$aWR13.144/5$c20140418$lBLL01$h0937
=FIN  \\$aY$d20060510
=DRT  \\$aVDEP
=STA  \\$aSUPPRESSED$bWR10_184
=LAS  \\$aWR13.144/5$b00$c20140418$lBLL01$h0937

