=LDR  01922 am a2200553 a 4500
=001  013457383
=003  Uk
=005  20071008091428.0
=006  m\\\\|\\\d\|\\\\\\
=007  cr||||||||||||
=008  060427s2006\\\\stk\\\\\s\\\\o000\0\eng\\
=FMT  \\$a  BK
=015  \\$aGBA648696$2bnb
=020  \\$cNo price
=040  \\$aUk$beng$cUk
=042  \\$aukblsr
=082  04$a372.4162$222
=100  1\$aAllan, J.
=245  10$aLiterature circles, gender and reading for enjoyment$h[electronic resource] :$breport for the Scottish Executive Education Department /$cJ. Allan, S. Ellis and C. Pearson.
=260  \\$a[Edinburgh] :$bScottish Executive,$c2006.
=336  \\$atext$2rdacontent
=337  \\$acomputer$2rdamedia
=338  \\$aonline resource$2rdacarrier
=538  \\$aMode of access: World Wide Web.
=538  \\$aSystem requirements: Adobe Acrobat Reader.
=500  \\$aTitle from PDF title screen (viewed on 18 May, 2006).
=516  \\$aPDF format.
=650  \0$aChildren$xBooks and reading.
=650  \0$aGroup reading.
=650  \0$aReading (Elementary)
=700  1\$aEllis, S.
=700  1\$aPearson, C.
=710  1\$aScotland.$bEducation Department.
=856  40$uhttp://www.scotland.gov.uk/Resource/Doc/930/0021345.pdf
=852  41$aBritish Library$bHMNTS$j499356$cDRT
=985  \\$aRecord amended for WR# 13/070
=CAT  \\$a10902$b40$c20060427$lBLL01$h1416
=CAT  \\$a11281$b40$c20060518$lBLL01$h1742
=CAT  \\$aBATCH-UPD$b40$c20070912$lBLL01$h2023
=CAT  \\$a11281$b40$c20071008$lBLL01$h0914
=CAT  \\$aBATCH$b00$c20080505$lBLL01$h1320
=CAT  \\$aWR10_184$c20101208$lBLL01$h1636
=CAT  \\$aWR12-140$c20121030$lBLL01$h1049
=CAT  \\$aWR13_070$b00$c20130504$lBLL01$h0244
=CAT  \\$aWR13.144/5$c20140418$lBLL01$h0937
=FIN  \\$aY$d20060518
=DRT  \\$aVDEP
=STA  \\$aSUPPRESSED$bWR10_184
=LAS  \\$aWR13.144/5$b00$c20140418$lBLL01$h0937

