=LDR  01909 am a2200541 a 4500
=001  013457399
=003  Uk
=005  20071008091513.0
=006  m\\\\|\\\d\|\\\\\\
=007  cr||||||||||||
=008  060427s2005\\\\stk\\\\\s\\\\o000\0\eng\\
=FMT  \\$a  BK
=015  \\$aGBA648704$2bnb
=020  \\$a0755928989 :$cNo price
=040  \\$aUk$beng$cUk
=042  \\$aukblsr
=082  04$a362.709411$222
=245  00$aSure start Scotland mapping exercise 2004$h[electronic resource] /$cSarah Cunningham-Burley ... [et al.].
=260  \\$aEdinburgh :$bScottish Executive,$c2005.
=336  \\$atext$2rdacontent
=337  \\$acomputer$2rdamedia
=338  \\$aonline resource$2rdacarrier
=538  \\$aMode of access: World Wide Web.
=538  \\$aSystem requirements: Adobe Acrobat Reader.
=500  \\$aTitle from PDF title screen (viewed on 19 May, 2006).
=516  \\$aPDF format.
=690  7\$aSocial Welfare$2blcoll
=650  \0$aChildren$xServices for$zScotland.
=700  1\$aCunningham-Burley, Sarah.
=710  1\$aScotland.$bEducation Department.
=856  40$uhttp://www.scotland.gov.uk/Resource/Doc/47121/0020894.pdf
=852  41$aBritish Library$bHMNTS$j499381$cDRT
=985  \\$aRecord amended for WR# 13/070
=CAT  \\$a10902$b40$c20060427$lBLL01$h1422
=CAT  \\$a11281$b40$c20060519$lBLL01$h0849
=CAT  \\$aBATCH-UPD$b40$c20070912$lBLL01$h2023
=CAT  \\$a11281$b40$c20071008$lBLL01$h0915
=CAT  \\$aBATCH$b00$c20080505$lBLL01$h1320
=CAT  \\$aWR10_184$c20101208$lBLL01$h1636
=CAT  \\$aBATCH$b00$c20110625$lBLL01$h0520
=CAT  \\$aBATCH-SWP4$c20110627$lBLL01$h1602
=CAT  \\$aWR12-140$c20121030$lBLL01$h1049
=CAT  \\$aWR13_070$b00$c20130504$lBLL01$h0244
=CAT  \\$aWR13.144/5$c20140418$lBLL01$h0937
=FIN  \\$aY$d20060519
=DRT  \\$aVDEP
=STA  \\$aSUPPRESSED$bWR10_184
=LAS  \\$aWR13.144/5$b00$c20140418$lBLL01$h0937

