=LDR  01607 am a2200457 a 4500
=001  013457690
=003  Uk
=005  20060606083345.0
=006  m\\\\|\\\d\|\\\\\\
=007  cr||||||||||||
=008  060428s1998\\\\enk\\\\\s\\\\o000\0\eng\\
=FMT  \\$a  BK
=040  \\$aUk$beng$cUk
=042  \\$aukblsr
=082  04$a333.7924$222
=245  00$aUnited Kingdom civil nuclear policy including plutonium$h[electronic resource]
=260  \\$a[London :$bDTI,$c1998].
=336  \\$atext$2rdacontent
=337  \\$acomputer$2rdamedia
=338  \\$aonline resource$2rdacarrier
=538  \\$aMode of access: World Wide Web.
=538  \\$aSystem requirements: Microsoft Word.
=500  \\$aTitle from title screen (viewed on 6 June, 2006)
=516  \\$aWord format.
=500  \\$aPublisher's no.: URN 98/1247.
=650  \0$aNuclear industry$xGovernment policy$zGreat Britain.
=710  1\$aGreat Britain.$bDepartment of Trade and Industry.
=856  40$uhttp://www.dti.gov.uk/files/file26400.doc
=852  41$aBritish Library$bHMNTS$j510084$cDRT
=985  \\$aRecord amended for WR# 13/070
=CAT  \\$a7750$b40$c20060428$lBLL01$h0852
=CAT  \\$a11281$b40$c20060606$lBLL01$h0833
=CAT  \\$aBATCH-UPD$b40$c20070723$lBLL01$h1620
=CAT  \\$aBATCH$b00$c20080505$lBLL01$h1320
=CAT  \\$aWR13_070$b00$c20130504$lBLL01$h0244
=CAT  \\$aWR13.144/5$c20140418$lBLL01$h0937
=CAT  \\$aW1711-1225$c20171203$lBLL01$h1023
=FIN  \\$aY$d20060606
=DRT  \\$aVDEP
=STA  \\$aSUPPRESSED$bunable to determine reason for suppression
=LAS  \\$aW1711-1225$b00$c20171203$lBLL01$h1023

