=LDR  02385 am a2200493 a 4500
=001  013458022
=003  Uk
=005  20060620110249.0
=006  m\\\\|\\\d\|\\\\\\
=007  cr||||||||||||
=008  060428s2004\\\\enk||||\s||||o00|\0\eng\\
=FMT  \\$a  BK
=040  \\$aUk$beng$cUk
=042  \\$aukblsr
=082  04$a333.7940941$222
=245  00$aRenewables innovation review$h[electronic resource].
=260  \\$a[London :$bDTI,$c2004].
=336  \\$atext$2rdacontent
=337  \\$acomputer$2rdamedia
=338  \\$aonline resource$2rdacarrier
=538  \\$aMode of access: World Wide Web.
=538  \\$aSystem requirements: Internet browser software; Adobe Acrobat Reader.
=500  \\$aTitle from DTI website (Reports & Publications) (viewed 20 June, 2006)
=520  \\$a"Review undertaken jointly between the DTI and Carbon Trust to: identify the key renewable technologies for the delivery of UK targets and aspirations for renewables, the UK's wider carbon reduction aspirations and for the creation of UK economic benefits; identify the barriers to the development and deployment of the key renewables technology; understand better the innovation process in key renewable energy sectors; and identify the most cost effective government measure to facilitate delivery of the UK targets." - DTI website (Reports & Publications)
=500  \\$aPublisher's no.: URN 04/2327.
=650  \0$aCarbon dioxide mitigation$xGovernment policy$zGreat Britain.
=650  \0$aRenewable energy sources$xGovernment policy$zGreat Britain.
=650  \0$aRenewable energy sources$xTechnological innovations$zGreat Britain.
=710  1\$aGreat Britain.$bDepartment of Trade and Industry.
=710  2\$aCarbon Trust.
=856  40$uhttp://www.dti.gov.uk/energy/page26280.html
=852  41$aBritish Library$bHMNTS$j499257$cDRT
=985  \\$aRecord amended for WR# 13/070
=CAT  \\$a7750$b40$c20060428$lBLL01$h1247
=CAT  \\$a8141$b40$c20060620$lBLL01$h1102
=CAT  \\$aBATCH$b00$c20080505$lBLL01$h1320
=CAT  \\$aWR13_070$b00$c20130504$lBLL01$h0244
=CAT  \\$aWR13.144/5$c20140418$lBLL01$h0937
=CAT  \\$aBATCH-UPD$b00$c20151230$lBLL01$h1737
=CAT  \\$aW1711-1225$c20171203$lBLL01$h1023
=FIN  \\$aY$d20060620
=DRT  \\$aVDEP
=STA  \\$aSUPPRESSED$bunable to determine reason for suppression
=LAS  \\$aW1711-1225$b00$c20171203$lBLL01$h1023

