=LDR  01690 am a22004337a 4500
=001  013460987
=003  Uk
=005  20060622115633.0
=006  m\\\\|\\\d\|\\\\\\
=007  cr||||||||||||
=008  060504s2003\\\\enk||||\s||||o00|\0\eng\\
=FMT  \\$a  BK
=040  \\$aUk$beng$cUk
=245  04$aThe role of CAS numbers in the context of the chemical weapons convention$h[electronic resource].
=246  1\$iTitle from DTI website (Reports & Publications):$aRole of chemical abstract service (CAS) in the context of the chemical weapons convention (CWC)
=260  \\$a[London :$bDTI,$c2003].
=336  \\$atext$2rdacontent
=337  \\$acomputer$2rdamedia
=338  \\$aonline resource$2rdacarrier
=538  \\$aMode of access: World Wide Web.
=538  \\$aSystem requirements: Adobe Acrobat Reader.
=500  \\$aTitle from p.1 of PDF file (viewed 22 June, 2006)
=516  \\$aPDF format.
=500  \\$aPublisher's no.: URN 03/1889.
=710  1\$aGreat Britain.$bDepartment of Trade and Industry.
=856  40$uhttp://www.dti.gov.uk/files/file26505.pdf?pubpdfdload=03%2F1889
=852  41$aBritish Library$bHMNTS$j499305$cDRT
=985  \\$aRecord amended for WR# 13/070
=CAT  \\$a7750$b40$c20060504$lBLL01$h1107
=CAT  \\$a7750$b40$c20060504$lBLL01$h1108
=CAT  \\$a8141$b40$c20060622$lBLL01$h1156
=CAT  \\$aBATCH$b00$c20080505$lBLL01$h1320
=CAT  \\$aWR13_070$b00$c20130504$lBLL01$h0244
=CAT  \\$aWR13.144/5$c20140418$lBLL01$h0937
=CAT  \\$aW1711-1225$c20171203$lBLL01$h1024
=FIN  \\$aY$d20060622
=DRT  \\$aVDEP
=STA  \\$aSUPPRESSED$bunable to determine reason for suppression
=LAS  \\$aW1711-1225$b00$c20171203$lBLL01$h1024

