=LDR  01671 am a2200469 a 4500
=001  013461297
=003  Uk
=005  20060710130147.0
=006  m\\\\|\\\d\|\\\\\\
=007  cr||||||||||||
=008  060504s2006\\\\enk||||\s||||o00|\0\eng\\
=FMT  \\$a  BK
=040  \\$aUk$beng$cUk
=042  \\$aukblsr
=082  04$a692.8090723$222
=245  00$aProduction of estimates of construction new orders$h[electronic resource].
=260  \\$a[London :$bDTI,$c2006].
=336  \\$atext$2rdacontent
=337  \\$acomputer$2rdamedia
=338  \\$aonline resource$2rdacarrier
=538  \\$aMode of access: World Wide Web.
=538  \\$aSystem requirements: MS Word for Windows.
=500  \\$aTitle from p.1 of Word file (viewed on 10 July, 2006)
=516  \\$aMS Word for Windows format.
=500  \\$aPublisher's no.: URN 06/817.
=500  \\$aConstruction statistics survey.
=650  \0$aConstruction contracts$zGreat Britain$xStatistics.
=710  1\$aGreat Britain.$bDepartment of Trade and Industry.
=856  40$uhttp://www.dti.gov.uk/files/file21036.doc
=852  41$aBritish Library$bHMNTS$j499431$cDRT
=985  \\$aRecord amended for WR# 13/070
=CAT  \\$a7750$b40$c20060504$lBLL01$h1422
=CAT  \\$a7750$b40$c20060504$lBLL01$h1423
=CAT  \\$a8141$b40$c20060710$lBLL01$h1301
=CAT  \\$aBATCH$b00$c20080505$lBLL01$h1320
=CAT  \\$aWR13_070$b00$c20130504$lBLL01$h0244
=CAT  \\$aWR13.144/5$c20140418$lBLL01$h0937
=CAT  \\$aW1711-1225$c20171203$lBLL01$h1024
=FIN  \\$aY$d20060710
=DRT  \\$aVDEP
=STA  \\$aSUPPRESSED$bunable to determine reason for suppression
=LAS  \\$aW1711-1225$b00$c20171203$lBLL01$h1024

