=LDR  02092 am a22004697a 4500
=001  013461484
=003  Uk
=005  20060714113537.0
=006  m\\\\|\\\d\|\\\\\\
=007  cr||||||||||||
=008  060504s2005\\\\enk||||\s||||o00|\0\eng\\
=FMT  \\$a  BK
=040  \\$aUk$beng$cUk
=245  00$aProposed environment agencies fees$h[electronic resource] :$bconsultation paper of 25 May 2005 by the UK government, Scottish Executive, Welsh Assembly government and Northern Ireland Administration on implementation of directive of the European Council and Parliament 200/96/EC of 27 January 2003.
=260  \\$a[London] :$bDept. of Trade and Industry,$c2005.
=336  \\$atext$2rdacontent
=337  \\$acomputer$2rdamedia
=338  \\$aonline resource$2rdacarrier
=538  \\$aMode of access: World Wide Web.
=538  \\$aSystem requirements: Adobe Acrobat Reader.
=500  \\$aTitle from p.1 of PDF file (viewed on 14 July, 2006)
=516  \\$aPDF format.
=520  \\$a"Closed consultation. Government's proposals for environment agencies fees for administering obligations under the WEEE directive. Closing date was 17 June 2005." - DTI website (Reports & Publications)
=500  \\$aPublisher's no.: URN 05/1210.
=710  1\$aGreat Britain.$bDepartment of Trade and Industry.
=856  40$uhttp://www.dti.gov.uk/files/file15237.pdf?pubpdfdload=05%2F1210
=852  41$aBritish Library$bHMNTS$j499438$cDRT
=985  \\$aRecord amended for WR# 13/070
=CAT  \\$a7750$b40$c20060504$lBLL01$h1611
=CAT  \\$a7750$b40$c20060504$lBLL01$h1612
=CAT  \\$a8141$b40$c20060714$lBLL01$h1135
=CAT  \\$aBATCH-UPD$b40$c20070723$lBLL01$h1622
=CAT  \\$aBATCH-UPD$b40$c20070912$lBLL01$h2023
=CAT  \\$aBATCH$b00$c20080505$lBLL01$h1320
=CAT  \\$aWR10_184$c20101208$lBLL01$h1636
=CAT  \\$aWR12-140$c20121030$lBLL01$h1049
=CAT  \\$aWR13_070$b00$c20130504$lBLL01$h0244
=CAT  \\$aWR13.144/5$c20140418$lBLL01$h0937
=FIN  \\$aY$d20060714
=DRT  \\$aVDEP
=STA  \\$aSUPPRESSED$bWR10_184
=LAS  \\$aWR13.144/5$b00$c20140418$lBLL01$h0937

