=LDR  02352 am a2200541 a 4500
=001  013466604
=003  Uk
=005  20060526150949.0
=006  m\\\\|\\\d\|\\\\\\
=007  cr||||||||||||
=008  060511s2006\\\\enk||||\s||||o00|\0\eng\\
=FMT  \\$a  BK
=015  \\$aGBA650233$2bnb
=020  \\$cNo price
=040  \\$aUk$beng$cUk
=042  \\$aukblsr
=082  04$a344.410188$222
=245  00$aTrade union political funds$h[electronic resource] :$ba guide for trade unions, their members and others.
=260  \\$a[London] :$bDTI,$cc2006.
=336  \\$atext$2rdacontent
=337  \\$acomputer$2rdamedia
=338  \\$aonline resource$2rdacarrier
=538  \\$aMode of access: World Wide Web.
=538  \\$aSystem requirements: IBM compatible PC; Internet browser software.
=500  \\$aTitle from head of HTML file (viewed 26 May, 2006)
=516  \\$aHTML format.
=520  \\$a"Designed to give Trade Unions, their members and others a general understanding of the relevant statutory requirements, and rights given to members. Taking account of legislation up to and including the Trade Union Reform and Employment Rights Act 1993. [Previously known as PL868]." - DTI website (Reports & Publications)
=500  \\$aPublisher's no.: URN 06/557.
=500  \\$aHyperlinks to related web documents.
=650  \0$aLabor union members$xLegal status, laws, etc.$zGreat Britain.
=650  \0$aLabor unions$xPolitical activity$xLaw and legislation$zGreat Britain.
=710  1\$aGreat Britain.$bDepartment of Trade and Industry.
=856  40$uhttp://www.dti.gov.uk/employment/employment-legislation/employment-guidance/page17195.html
=852  41$aBritish Library$bHMNTS$j518771$cDRT
=985  \\$aRecord amended for WR# 13/070
=CAT  \\$a6524$b40$c20060511$lBLL01$h1352
=CAT  \\$a6524$b40$c20060511$lBLL01$h1353
=CAT  \\$a8141$b40$c20060526$lBLL01$h1351
=CAT  \\$a8141$b40$c20060526$lBLL01$h1445
=CAT  \\$a8141$b40$c20060526$lBLL01$h1509
=CAT  \\$aBATCH$b00$c20080505$lBLL01$h1320
=CAT  \\$aWR13_070$b00$c20130504$lBLL01$h0244
=CAT  \\$aWR13.144/5$c20140418$lBLL01$h0937
=CAT  \\$aW1711-1225$c20171203$lBLL01$h1024
=FIN  \\$aY$d20060526
=DRT  \\$aVDEP
=STA  \\$aSUPPRESSED$bunable to determine reason for suppression
=LAS  \\$aW1711-1225$b00$c20171203$lBLL01$h1024

