=LDR  01531 am a2200421 a 4500
=001  013467343
=003  Uk
=005  20060601142717.0
=006  m\\\\|\\\d\|\\\\\\
=007  cr||||||||||||
=008  060512s2006\\\\enk\\\\\s\\\\o000\0\eng\\
=FMT  \\$a  BK
=040  \\$aUk$beng$cUk
=042  \\$aukblsr
=082  04$a342.41068$222
=245  00$aDisclosures in the public interest$h[electronic resource] :$bprotections for workers who "blow the whistle" : guidance.
=260  \\$a[London] :$bDTI,$c[2006].
=336  \\$atext$2rdacontent
=337  \\$acomputer$2rdamedia
=338  \\$aonline resource$2rdacarrier
=538  \\$aMode of access: World Wide Web.
=500  \\$aTitle from html title screen (viewed on 1 June, 2006)
=516  \\$aHTML format.
=500  \\$aPublisher's no.: URN 06/533.
=650  \0$aWhistle blowing$xLaw and legislation$zGreat Britain.
=856  40$uhttp://www.dti.gov.uk/employment/employment-legislation/employment-guidance/page16186.html
=852  41$aBritish Library$bHMNTS$j518796$cDRT
=CAT  \\$a6524$b40$c20060512$lBLL01$h1134
=CAT  \\$a6524$b40$c20060512$lBLL01$h1142
=CAT  \\$a6524$b40$c20060512$lBLL01$h1148
=CAT  \\$a11281$b40$c20060601$lBLL01$h1427
=CAT  \\$aBATCH$b00$c20080505$lBLL01$h1320
=CAT  \\$aWR13.144/5$c20140418$lBLL01$h0937
=CAT  \\$aW1711-1225$c20171203$lBLL01$h1024
=FIN  \\$aY$d20060601
=DRT  \\$aVDEP
=STA  \\$aSUPPRESSED$bunable to determine reason for suppression
=LAS  \\$aW1711-1225$b00$c20171203$lBLL01$h1024

