=LDR  01754 am a2200481 a 4500
=001  013467436
=003  Uk
=005  20060601154642.0
=006  m\\\\|\\\d\|\\\\\\
=007  cr||||||||||||
=008  060512s2006\\\\enk||||\s||||o00|\0\eng\\
=FMT  \\$a  BK
=015  \\$aGBA651791$2bnb
=020  \\$cNo price
=040  \\$aUk$beng$cUk
=042  \\$aukblsr
=082  04$a344.41012162$222
=245  00$aContinuous employment and a week's pay$h[electronic resource] :$brules for calculation.
=260  \\$a[London] :$bDTI,$c[2006].
=336  \\$atext$2rdacontent
=337  \\$acomputer$2rdamedia
=338  \\$aonline resource$2rdacarrier
=538  \\$aMode of access: World Wide Web.
=538  \\$aSystem requirements: IBM compatible PC; Internet browser software.
=500  \\$aTitle from head of HTML file (viewed 1 June, 2006)
=516  \\$aHTML format.
=500  \\$aPublisher's no.: URN 06/531.
=650  \0$aLabor laws and legislation$zGreat Britain.
=650  \0$aWages$xLaw and legislation$zGreat Britain.
=710  1\$aGreat Britain.$bDepartment of Trade and Industry.
=856  40$uhttp://www.dti.gov.uk/employment/employment-legislation/employment-guidance/page14391.html
=852  41$aBritish Library$bHMNTS$j518794$cDRT
=985  \\$aRecord amended for WR# 13/070
=CAT  \\$a6524$b40$c20060512$lBLL01$h1213
=CAT  \\$a8141$b40$c20060601$lBLL01$h1546
=CAT  \\$aBATCH$b00$c20080505$lBLL01$h1320
=CAT  \\$aWR13_070$b00$c20130504$lBLL01$h0244
=CAT  \\$aWR13.144/5$c20140418$lBLL01$h0937
=CAT  \\$aW1711-1225$c20171203$lBLL01$h1024
=FIN  \\$aY$d20060601
=DRT  \\$aVDEP
=STA  \\$aSUPPRESSED$bunable to determine reason for suppression
=LAS  \\$aW1711-1225$b00$c20171203$lBLL01$h1024

