=LDR  02355 am a2200517 a 4500
=001  013467447
=003  Uk
=005  20060601122429.0
=006  m\\\\|\\\d\|\\\\\\
=007  cr||||||||||||
=008  060512s2006\\\\enk||||\s||||o00|\0\eng\\
=FMT  \\$a  BK
=015  \\$aGBA651750$2bnb
=020  \\$cNo price
=040  \\$aUk$beng$cUk
=042  \\$aukblsr
=082  04$a353.540941$222
=245  00$aBenefit repayment$h[electronic resource] :$ba guide for employers required to repay state benefit previously claimed by an employee who has won an employment tribunal award.
=260  \\$a[London] :$bDTI,$cc2006.
=336  \\$atext$2rdacontent
=337  \\$acomputer$2rdamedia
=338  \\$aonline resource$2rdacarrier
=538  \\$aMode of access: World Wide Web.
=538  \\$aSystem requirements: IBM compatible PC; Internet browser software.
=500  \\$aTitle from head of HTML file (viewed 1 June, 2006)
=516  \\$aHTML format.
=520  \\$a"Recoupment regulations made by the Secretary of State enable the benefits agency to recover from employers jobseekers allowance and income support paid to employees who have been awarded compensation by an employment tribunal. This booklet describes the recoupment procedure and the tribunal awards to which it applies. [Previously known as PL720]." - DTI website (Reports & Publications)
=500  \\$aPublisher's no.: URN 06/530.
=650  \0$aInsurance, Unemployment$zLaw and legislation$zGreat Britain.
=650  \0$aSet-off and counterclaim$zGreat Britain.
=710  1\$aGreat Britain.$bDepartment of Trade and Industry.
=856  40$uhttp://www.dti.gov.uk/employment/employment-legislation/employment-guidance/page16102.html
=852  41$aBritish Library$bHMNTS$j518793$cDRT
=985  \\$aRecord amended for WR# 13/070
=CAT  \\$a6524$b40$c20060512$lBLL01$h1219
=CAT  \\$a6524$b40$c20060512$lBLL01$h1220
=CAT  \\$a8141$b40$c20060601$lBLL01$h1137
=CAT  \\$a8141$b40$c20060601$lBLL01$h1224
=CAT  \\$aBATCH$b00$c20080505$lBLL01$h1320
=CAT  \\$aWR13_070$b00$c20130504$lBLL01$h0244
=CAT  \\$aWR13.144/5$c20140418$lBLL01$h0937
=CAT  \\$aW1711-1225$c20171203$lBLL01$h1024
=FIN  \\$aY$d20060601
=DRT  \\$aVDEP
=STA  \\$aSUPPRESSED$bunable to determine reason for suppression
=LAS  \\$aW1711-1225$b00$c20171203$lBLL01$h1024

