=LDR  01773 am a22004697a 4500
=001  013473023
=003  Uk
=005  20060727120655.0
=006  m\\\\|\\\d\|\\\\\\
=007  cr||||||||||||
=008  060519s2003\\\\enk\\\\\s\\\\o00|\0\eng\\
=FMT  \\$a  BK
=040  \\$aUk$beng$cUk
=245  00$aEnergy and the environment$h[electronic resource] :$bjoint working group between DTI, DEFRA and Ofgem.
=260  \\$a[London :$bDTI,$c2003].
=336  \\$atext$2rdacontent
=337  \\$acomputer$2rdamedia
=338  \\$aonline resource$2rdacarrier
=538  \\$aMode of access: World Wide Web.
=538  \\$aSystem requirements: Adobe Acrobat Reader.
=500  \\$aTitle from PDF title page (viewed on 27 July, 2006)
=516  \\$aPDF format.
=500  \\$aPublisher's no.: URN 03/1864.
=500  \\$a"JWGEE(03)01".
=710  1\$aGreat Britain.$bDepartment for Environment, Food & Rural Affairs.
=710  1\$aGreat Britain.$bDepartment of Trade and Industry.
=710  1\$aGreat Britain.$bOffice of Gas and Electricity Markets.
=856  40$uhttp://www.dti.gov.uk/files/file19832.pdf?pubpdfdload=03%2F1864
=852  41$aBritish Library$bHMNTS$j519420$cDRT
=985  \\$aRecord amended for WR# 13/070
=CAT  \\$a7750$b40$c20060519$lBLL01$h1346
=CAT  \\$a7750$b40$c20060519$lBLL01$h1347
=CAT  \\$a11281$b40$c20060727$lBLL01$h1206
=CAT  \\$aBATCH-UPD$b40$c20070723$lBLL01$h1628
=CAT  \\$aBATCH$b00$c20080505$lBLL01$h1320
=CAT  \\$aWR13_070$b00$c20130504$lBLL01$h0245
=CAT  \\$aWR13.144/5$c20140418$lBLL01$h0937
=CAT  \\$aW1711-1225$c20171203$lBLL01$h1024
=FIN  \\$aY$d20060727
=DRT  \\$aVDEP
=STA  \\$aSUPPRESSED$bunable to determine reason for suppression
=LAS  \\$aW1711-1225$b00$c20171203$lBLL01$h1024

