=LDR  01510 am a22004217a 4500
=001  013473061
=003  Uk
=005  20060607143746.0
=006  m\\\\|\\\d\|\\\\\\
=007  cr||||||||||||
=008  060519s2005\\\\enk||||\s||||o00|\0\eng\\
=FMT  \\$a  BK
=040  \\$aUk$beng$cUk
=245  00$aLambert agreements$h[electronic resource] :$bdecision guide.
=260  \\$a[London] :$bDTI,$c2005.
=336  \\$atext$2rdacontent
=337  \\$acomputer$2rdamedia
=338  \\$aonline resource$2rdacarrier
=538  \\$aMode of access: World Wide Web.
=538  \\$aSystem requirements: Web browser software.
=500  \\$aTitle from head of HTML file (viewed 7 June, 2006)
=516  \\$aHTML format.
=500  \\$aPublisher's no.: URN 05/2044.
=500  \\$aLinks to related documents.
=710  1\$aGreat Britain.$bDepartment of Trade and Industry.
=856  40$uhttp://www.innovation.gov.uk/lambertagreements/index.asp?lvl1=2&lvl2=1&lvl3=0&lvl4=0
=852  41$aBritish Library$bHMNTS$j519425$cDRT
=985  \\$aRecord amended for WR# 13/070
=CAT  \\$a7750$b40$c20060519$lBLL01$h1404
=CAT  \\$a8141$b40$c20060607$lBLL01$h1437
=CAT  \\$aBATCH$b00$c20080505$lBLL01$h1320
=CAT  \\$aWR13_070$b00$c20130504$lBLL01$h0245
=CAT  \\$aWR13.144/5$c20140418$lBLL01$h0937
=CAT  \\$aW1711-1225$c20171203$lBLL01$h1024
=FIN  \\$aY$d20060607
=DRT  \\$aVDEP
=STA  \\$aSUPPRESSED$bunable to determine reason for suppression
=LAS  \\$aW1711-1225$b00$c20171203$lBLL01$h1024

