=LDR  01994 am a2200553 a 4500
=001  013476303
=003  Uk
=005  20071011092748.0
=006  m\\\\|\\\d\|\\\\\\
=007  cr||||||||||||
=008  060524s2006\\\\stk||||\s||||o00|\0\eng\\
=FMT  \\$a  BK
=015  \\$aGBA661605$2bnb
=020  \\$cNo price
=040  \\$aUk$beng$cUk
=042  \\$aukblsr
=082  04$a328.3345094127$222
=245  00$aFourth statutory review of electoral arrangements.$pDundee City Council area$h[electronic resource].
=260  \\$aEdinburgh :$bLocal Government Boundary Commission for Scotland,$c2006.
=336  \\$atext$2rdacontent
=337  \\$acomputer$2rdamedia
=338  \\$aonline resource$2rdacarrier
=538  \\$aMode of access: World Wide Web.
=538  \\$aSystem requirements: Adobe Acrobat Reader.
=500  \\$aTitle from PDF title page (viewed on 14 July, 2006).
=516  \\$aPDF format.
=500  \\$aReport no. E06007.
=500  \\$a"Report to Scottish ministers." - Cover.
=610  10$aDundee (Scotland).$bCity Council.
=650  \0$aElection districts$zScotland$zDundee.
=651  \0$aScotland$xAdministrative and political divisions.
=710  2\$aLocal Government Boundary Commission for Scotland.
=856  40$uhttp://www.lgbc-scotland.gov.uk/
=852  41$aBritish Library$bHMNTS$j518642$cDRT
=CAT  \\$a10902$b40$c20060524$lBLL01$h0917
=CAT  \\$a10902$b40$c20060524$lBLL01$h0920
=CAT  \\$a8141$b40$c20060714$lBLL01$h1604
=CAT  \\$a7332$b40$c20060727$lBLL01$h0842
=CAT  \\$a8141$b40$c20060927$lBLL01$h1208
=CAT  \\$aBATCH-UPD$b40$c20070912$lBLL01$h2023
=CAT  \\$a8141$b40$c20071011$lBLL01$h0927
=CAT  \\$aBATCH$b00$c20080505$lBLL01$h1320
=CAT  \\$aWR10_184$c20101208$lBLL01$h1636
=CAT  \\$aWR12-140$c20121030$lBLL01$h1049
=CAT  \\$aWR13.144/5$c20140418$lBLL01$h0938
=FIN  \\$aY$d20060714
=DRT  \\$aVDEP
=STA  \\$aSUPPRESSED$bWR10_184
=LAS  \\$aWR13.144/5$b00$c20140418$lBLL01$h0938

