=LDR  01754 am a2200481 a 4500
=001  013478491
=003  Uk
=005  20060707160956.0
=006  m\\\\|\\\d\|\\\\\\
=007  cr||||||||||||
=008  060526s2003\\\\enk||||\s||||o00|\0\eng\\
=FMT  \\$a  BK
=040  \\$aUk$beng$cUk
=042  \\$aukblsr
=082  04$a352.530941$222
=245  04$aThe DTI$h[electronic resource] :$ba guide for suppliers.
=260  \\$a[London] :$bDTI,$c[2003].
=336  \\$atext$2rdacontent
=337  \\$acomputer$2rdamedia
=338  \\$aonline resource$2rdacarrier
=538  \\$aMode of access: World Wide Web.
=538  \\$aSystem requirements: Internet browser software.
=500  \\$aTitle from beginning of HTML file (viewed on 7 July, 2006)
=516  \\$aHTML format.
=500  \\$aPublisher's no.: URN 03/1841.
=610  10$aGreat Britain.$bDepartment of Trade and Industry$xProcurement.
=650  \0$aGovernment purchasing$zGreat Britain.
=710  1\$aGreat Britain.$bDepartment of Trade and Industry.
=856  40$uhttp://www.dti.gov.uk/about/procurement/suppliers-guides/page13767.html
=852  41$aBritish Library$bHMNTS$j519676$cDRT
=985  \\$aRecord amended for WR# 13/070
=CAT  \\$a10902$b40$c20060526$lBLL01$h1322
=CAT  \\$a10902$b40$c20060526$lBLL01$h1323
=CAT  \\$a8141$b40$c20060707$lBLL01$h1609
=CAT  \\$aBATCH-UPD$b40$c20070723$lBLL01$h1629
=CAT  \\$aBATCH$b00$c20080505$lBLL01$h1320
=CAT  \\$aWR13_070$b00$c20130504$lBLL01$h0245
=CAT  \\$aWR13.144/5$c20140418$lBLL01$h0938
=CAT  \\$aW1711-1225$c20171203$lBLL01$h1024
=FIN  \\$aY$d20060707
=DRT  \\$aVDEP
=STA  \\$aSUPPRESSED$bunable to determine reason for suppression
=LAS  \\$aW1711-1225$b00$c20171203$lBLL01$h1024

