=LDR  01568 am a22004337a 4500
=001  013482946
=003  Uk
=005  20060908113800.0
=006  m\\\\|\\\d\|\\\\\\
=007  cr||||||||||||
=008  060602s2005\\\\enk||||\s||||o00|\0\eng\\
=FMT  \\$a  BK
=040  \\$aUk$beng$cUk
=245  04$aThe removal of the 20 member limit$h[electronic resource] :$bfactsheet.
=260  \\$a[London]:$bDTI,$c[2005].
=336  \\$atext$2rdacontent
=337  \\$acomputer$2rdamedia
=338  \\$aonline resource$2rdacarrier
=538  \\$aMode of access: World Wide Web.
=500  \\$aTitle from beginning of html file (viewed on 8 Sept., 2006)
=516  \\$aHTML format.
=500  \\$aPublisher's no.: URN 05/1967.
=500  \\$aCorporate governance ; corporate law.
=710  1\$aGreat Britain.$bDepartment of Trade and Industry.
=856  40$uhttp://www.dti.gov.uk/bbf/corp-governance/Corporate%20Law/page24530.html
=852  41$aBritish Library$bHMNTS$j519691$cDRT
=985  \\$aRecord amended for WR# 13/070
=CAT  \\$a10902$b40$c20060602$lBLL01$h1137
=CAT  \\$a10902$b40$c20060602$lBLL01$h1138
=CAT  \\$a8141$b40$c20060908$lBLL01$h1059
=CAT  \\$a8141$b40$c20060908$lBLL01$h1138
=CAT  \\$aBATCH$b00$c20080505$lBLL01$h1320
=CAT  \\$aWR13_070$b00$c20130504$lBLL01$h0245
=CAT  \\$aWR13.144/5$c20140418$lBLL01$h0938
=CAT  \\$aW1711-1225$c20171203$lBLL01$h1024
=FIN  \\$aY$d20060908
=DRT  \\$aVDEP
=STA  \\$aSUPPRESSED$bunable to determine reason for suppression
=LAS  \\$aW1711-1225$b00$c20171203$lBLL01$h1024

