=LDR  01659 am a2200457 a 4500
=001  013483321
=003  Uk
=005  20060719134325.0
=006  m\\\\|\\\d\|\\\\\\
=007  cr||||||||||||
=008  060602s2005\\\\enk||||\s||||o00|\0\eng\\
=FMT  \\$a  BK
=040  \\$aUk$beng$cUk
=042  \\$aukblsr
=082  04$a657.90420941$222
=245  00$aThresholds for small and medium-sized companies and groups$h[electronic resource].
=260  \\$a[London]:$bDTI,$c[2005].
=336  \\$atext$2rdacontent
=337  \\$acomputer$2rdamedia
=338  \\$aonline resource$2rdacarrier
=538  \\$aMode of access: World Wide Web.
=538  \\$aSystem requirements: Internet browser software.
=500  \\$aTitle from top of HTML file (viewed on 19 July, 2006)
=516  \\$aHTML format.
=500  \\$aPublisher's no.: URN 05/1973.
=650  \0$aSmall business$zGreat Britain$xAuditing.
=710  1\$aGreat Britain.$bDepartment of Trade and Industry.
=856  40$uhttp://www.dti.gov.uk/bbf/financial-reporting/acc-audit-developments/page16361.html
=852  41$aBritish Library$bHMNTS$j519698$cDRT
=985  \\$aRecord amended for WR# 13/070
=CAT  \\$a10902$b40$c20060602$lBLL01$h1523
=CAT  \\$a10902$b40$c20060602$lBLL01$h1524
=CAT  \\$a8141$b40$c20060719$lBLL01$h1343
=CAT  \\$aBATCH$b00$c20080505$lBLL01$h1320
=CAT  \\$aWR13_070$b00$c20130504$lBLL01$h0245
=CAT  \\$aWR13.144/5$c20140418$lBLL01$h0938
=CAT  \\$aW1711-1225$c20171203$lBLL01$h1024
=FIN  \\$aY$d20060719
=DRT  \\$aVDEP
=STA  \\$aSUPPRESSED$bunable to determine reason for suppression
=LAS  \\$aW1711-1225$b00$c20171203$lBLL01$h1024

