=LDR  01735 am a2200481 a 4500
=001  013487375
=003  Uk
=005  20060620104756.0
=006  m\\\\|\\\d\|\\\\\\
=007  cr||||||||||||
=008  060608s2006\\\\enk\\\\\s\\\\o000\0\eng\\
=FMT  \\$a  BK
=040  \\$aUk$beng$cUk
=042  \\$aukblsr
=082  04$a363.7387$222
=245  00$aEU ETS phase II new entrants benchmarks review.$pGlass$h[electronic resource]
=260  \\$a[London :$bDTI,$c2006].
=336  \\$atext$2rdacontent
=337  \\$acomputer$2rdamedia
=338  \\$aonline resource$2rdacarrier
=538  \\$aMode of access: World Wide Web.
=538  \\$aSystem requirements: Adobe Acrobat Reader.
=500  \\$aTitle from DTI website (viewed on 20 June, 2006)
=516  \\$aPDF format.
=500  \\$aPublisher's no.: URN 06/1287.
=650  \0$aEmissions trading$zEuropean Union countries.
=650  \0$aGlass manufacture$zEuropean Union countries.
=710  1\$aGreat Britain.$bDepartment of Trade and Industry.
=856  40$uhttp://www.dti.gov.uk/files/file28613.pdf?pubpdfdload=06%2F1287
=852  41$aBritish Library$bHMNTS$j512391$cDRT
=985  \\$aRecord amended for WR# 13/070
=CAT  \\$a6524$b40$c20060608$lBLL01$h0852
=CAT  \\$a6524$b40$c20060608$lBLL01$h0853
=CAT  \\$a11281$b40$c20060620$lBLL01$h1047
=CAT  \\$aBATCH-UPD$b40$c20070723$lBLL01$h1630
=CAT  \\$aBATCH$b00$c20080505$lBLL01$h1320
=CAT  \\$aWR13_070$b00$c20130504$lBLL01$h0245
=CAT  \\$aWR13.144/5$c20140418$lBLL01$h0938
=CAT  \\$aW1711-1225$c20171203$lBLL01$h1024
=FIN  \\$aY$d20060620
=DRT  \\$aVDEP
=STA  \\$aSUPPRESSED$bunable to determine reason for suppression
=LAS  \\$aW1711-1225$b00$c20171203$lBLL01$h1024

