=LDR  01933 am a2200529 a 4500
=001  015384015
=003  Uk
=005  20100325083235.0
=006  m\\\\|\\\d\|\\\\\\
=007  cr||||||||||||
=008  091005s2009\\\\stk\\\\\\b\\\o00|\0\eng\\
=015  \\$aGBB038597$2bnb
=020  \\$z9780755981618
=040  \\$aUk$beng$cUk
=042  \\$aukblsr
=082  04$a371.7109411$222
=245  00$aIt's your health.$pThe Health and Well-being in Schools Project in Moray and you$h[electronic resource].
=260  \\$aEdinburgh :$bScottish Government,$c2009.
=300  \\$a4 p. :$bdigital, PDF file.
=336  \\$atext$2rdacontent
=337  \\$acomputer$2rdamedia
=338  \\$aonline resource$2rdacarrier
=500  \\$aTitle from PDF title page (viewed on 15 Mar., 2010).
=504  \\$aIncludes bibliographical references.
=538  \\$aMode of access: World Wide Web.
=538  \\$aSystem requirements: Adobe Acrobat Reader.
=650  \0$aSchools$xHealth promotion services$zScotland$zMoray.
=650  \0$aHealth education$zScotland$zMoray.
=650  \0$aSchool children$xHealth and hygiene$zScotland$zMoray.
=690  7\$aSocial Welfare$2blcoll
=710  1\$aScotland.$bScottish Government.
=710  2\$aHealth and Well-being in Schools Project.
=852  41$aBritish Library$bHMNTS$cDRT$j281474976737887
=856  40$uhttp://www.scotland.gov.uk/Resource/Doc/284775/0086485.pdf
=CAT  \\$a10902$b40$c20091005$lBLL01$h1338
=CAT  \\$a12167$b40$c20100315$lBLL01$h1200
=CAT  \\$a10902$b40$c20100325$lBLL01$h0832
=CAT  \\$aWR10_184$c20101208$lBLL01$h1636
=CAT  \\$aBATCH$b00$c20110625$lBLL01$h0547
=CAT  \\$aBATCH-SWP4$c20110627$lBLL01$h1631
=CAT  \\$aWR12-140$c20121030$lBLL01$h1049
=CAT  \\$aWR13.144/5$c20140418$lBLL01$h1022
=DRT  \\$aVDEP
=FIN  \\$aY$d20100315
=FMT  \\$a  BK
=LAS  \\$aWR13.144/5$b00$c20140418$lBLL01$h1022
=STA  \\$aSUPPRESSED$bWR10_184

