=LDR  02003 am a2200553 a 4500
=001  015384306
=003  Uk
=005  20100325083638.0
=006  m\\\\|\\\d\|\\\\\\
=007  cr||||||||||||
=008  091006s2009\\\\enk||||\s\\\\o00|\0\eng\\
=015  \\$aGBB041647$2bnb
=016  7\$a015384306$2Uk
=040  \\$aUk$beng$cUk
=042  \\$aukblsr
=082  04$a362.10941$222
=245  00$aNHS continuing healthcare and NHS-funded nursing care$h[electronic resource] :$bpublic information booklet.
=260  \\$a[London] :$bDepartment of Health,$cc2009.
=300  \\$a12 p. :$bdigital, PDF file.
=336  \\$atext$2rdacontent
=337  \\$acomputer$2rdamedia
=338  \\$aonline resource$2rdacarrier
=500  \\$aTitle from PDF title page (viewed on 19 Mar., 2010).
=538  \\$aMode of access: World Wide Web.
=538  \\$aSystem requirements: Adobe Acrobat Reader.
=650  \0$aMedical care$zGreat Britain.
=650  \0$aMedical policy$zGreat Britain.
=650  \0$aNursing$zGreat Britain.
=690  7\$aSocial Welfare$2blcoll
=710  1\$aGreat Britain.$bDepartment of Health.
=852  41$aBritish Library$bHMNTS$cDRT$j281474976737878
=856  40$uhttp://www.dh.gov.uk/prod_consum_dh/groups/dh_digitalassets/documents/digitalasset/dh_106229.pdf
=985  \\$aRecord amended for WR# 13/070
=CAT  \\$a10902$b40$c20091006$lBLL01$h0905
=CAT  \\$a8387$b40$c20091223$lBLL01$h1121
=CAT  \\$a11281$b40$c20100319$lBLL01$h1359
=CAT  \\$a10902$b40$c20100325$lBLL01$h0836
=CAT  \\$aWR10_184$c20101208$lBLL01$h1636
=CAT  \\$aBATCH$b00$c20110625$lBLL01$h0547
=CAT  \\$aBATCH-SWP4$c20110627$lBLL01$h1631
=CAT  \\$aWR12-140$c20121030$lBLL01$h1049
=CAT  \\$aWR13_070$b00$c20130504$lBLL01$h0320
=CAT  \\$aWR13.144/5$c20140418$lBLL01$h1022
=CAT  \\$aWR16_021$c20160625$lBLL01$h1810
=DRT  \\$aVDEP
=FIN  \\$aY$d20100319
=FMT  \\$a  BK
=LAS  \\$aWR16_021$b00$c20160625$lBLL01$h1810
=STA  \\$aSUPPRESSED$bWR10_184

