=LDR  02125 am a2200565 a 4500
=001  015384866
=003  Uk
=005  20100325083428.0
=006  m\\\\|\\\d\|\\\\\\
=007  cr||||||||||||
=008  091006s2009\\\\enk\\\\\\b\\\\00|\0\eng\\
=015  \\$aGBB038638$2bnb
=020  \\$z9780853283744
=040  \\$aUk$beng$cUk
=042  \\$aukblsr
=082  04$a332.041$222
=100  1\$aAoki, Kosuke,$d1969-
=245  10$aCapital flows and asset prices$h[electronic resource] /$cKosuke Aoki, Gianluca Benigno and Nobuhiro Kiyotaki.
=260  \\$aLondon :$bCentre for Economic Performance, London School of Economics and Political Science,$c2009.
=300  \\$a67 p. :$bdigital, PDF file.
=336  \\$atext$2rdacontent
=337  \\$acomputer$2rdamedia
=338  \\$aonline resource$2rdacarrier
=490  0\$aCEP discussion paper ;$vno. 921
=500  \\$aTitle from PDF title page (viewed on 15 Mar., 2010).
=504  \\$aIncludes bibliographical references.
=538  \\$aMode of access: World Wide Web.
=538  \\$aSystem requirements: Adobe Acrobat Reader.
=650  \0$aCapital movements$xEconometric models.
=650  \0$aAssets (Accounting)$xPrices$xEconometric models.
=690  7\$aManagement and Business Studies$2blcoll
=700  1\$aBenigno, Gianluca.
=700  1\$aKiyotaki, Nobuhiro.
=710  2\$aLondon School of Economics and Political Science.$bCentre for Economic Performance.
=852  41$aBritish Library$bHMNTS$cDRT$j281474976737859
=856  \\$uhttp://cep.lse.ac.uk/pubs/download/dp0921.pdf
=CAT  \\$a10902$b40$c20091006$lBLL01$h1536
=CAT  \\$a10902$b40$c20091006$lBLL01$h1538
=CAT  \\$a12167$b40$c20100315$lBLL01$h1443
=CAT  \\$a10902$b40$c20100325$lBLL01$h0834
=CAT  \\$aBATCH690$c20100715$lBLL01$h2115
=CAT  \\$aBATCH-MBS$c20100716$lBLL01$h2057
=CAT  \\$aWR10_184$c20101208$lBLL01$h1636
=CAT  \\$aWR12-140$c20121030$lBLL01$h1049
=CAT  \\$aWR13.144/5$c20140418$lBLL01$h1022
=DRT  \\$aVDEP
=FIN  \\$aY$d20100315
=FMT  \\$a  BK
=LAS  \\$aWR13.144/5$b00$c20140418$lBLL01$h1022
=STA  \\$aSUPPRESSED$bWR10_184

