=LDR  02176 am a2200577 a 4500
=001  015386926
=003  Uk
=005  20100330145942.0
=006  m\\\\|\\\d\|\\\\\\
=007  cr||||||||||||
=008  091007s2009\\\\stk\\\\\\b\\\o00|\0\eng\\
=015  \\$aGBB042088$2bnb
=020  \\$z9780755976454
=040  \\$aUk$beng$cUk
=042  \\$aukblsr
=082  04$a362.829209411$222
=245  00$aEvaluation of the Scottish Government Children's Services Women's Aid Fund$pMain report$h[electronic resource] /$cAnne Stafford ... [et al.].
=260  \\$aEdinburgh :$bScottish Government Social Research,$c2009.
=300  \\$a101 p. :$bdigital, PDF file.
=336  \\$atext$2rdacontent
=337  \\$acomputer$2rdamedia
=338  \\$aonline resource$2rdacarrier
=500  \\$aTitle from PDF title page (viewed on 23 Mar., 2010).
=500  \\$a"ISSN 0950 2254"--Colophon.
=504  \\$aIncludes bibliographical references.
=538  \\$aMode of access: World Wide Web.
=538  \\$aSystem requirements: Adobe Acrobat Reader.
=610  20$aScottish Government Children's Services Women's Aid Fund.
=650  \0$aVictims of family violence$xServices for$zScotland$xEvaluation.
=650  \0$aChildren$xServices for$zScotland$xEvaluation.
=690  7\$aSocial Welfare$2blcoll
=700  1\$aStafford, Anne.
=710  1\$aScotland.$bScottish Government.
=710  1\$aScotland.$bSocial Research.
=852  41$aBritish Library$bHMNTS$cDRT$j281474976737862
=856  40$uhttp://www.scotland.gov.uk/Resource/Doc/286525/0087242.pdf
=CAT  \\$a10902$b40$c20091007$lBLL01$h0908
=CAT  \\$a10902$b40$c20091007$lBLL01$h0909
=CAT  \\$a12167$b40$c20100323$lBLL01$h1607
=CAT  \\$a10902$b40$c20100325$lBLL01$h0826
=CAT  \\$a10743$b40$c20100330$lBLL01$h1459
=CAT  \\$aWR10_184$c20101208$lBLL01$h1636
=CAT  \\$aBATCH$b00$c20110625$lBLL01$h0547
=CAT  \\$aBATCH-SWP4$c20110627$lBLL01$h1631
=CAT  \\$aWR12-140$c20121030$lBLL01$h1049
=CAT  \\$aWR13.144/5$c20140418$lBLL01$h1022
=DRT  \\$aVDEP
=FIN  \\$aY$d20100323
=FMT  \\$a  BK
=LAS  \\$aWR13.144/5$b00$c20140418$lBLL01$h1022
=STA  \\$aSUPPRESSED$bWR10_184

