=LDR  01966 am a2200529 a 4500
=001  015387947
=003  Uk
=005  20100325082920.0
=006  m\\\\|\\\d\|\\\\\\
=007  cr||||||||||||
=008  091009s2009\\\\enk||||\s\\\\o000\0\eng\\
=015  \\$aGBB038891$2bnb
=020  \\$z9781409817680
=040  \\$aUk$beng$cUk
=042  \\$aukblsr
=082  04$a363.585$222
=245  00$aFair and flexible: draft statutory guidance on social housing allocations for local authorities in England$h[electronic resource] :$bimpact assessment.
=260  \\$aLondon :$bDepartment for Communities and Local Government,$c2009.
=300  \\$a24 p. :$bdigital, PDF file.
=336  \\$atext$2rdacontent
=337  \\$acomputer$2rdamedia
=338  \\$aonline resource$2rdacarrier
=500  \\$aTitle from PDF title page (viewed on 16 Mar., 2010).
=500  \\$a"July 2009."
=538  \\$aMode of access: World Wide Web.
=538  \\$aSystem requirements: Adobe Acrobat Reader.
=650  \0$aPublic housing$zEngland$xManagement.
=690  7\$aSocial Welfare$2blcoll
=710  1\$aGreat Britain.$bDepartment for Communities and Local Government.
=852  41$aBritish Library$bHMNTS$cDRT$j281474976737855
=856  40$uhttp://www.communities.gov.uk/documents/housing/pdf/1301296.pdf
=985  \\$aRecord amended for WR# 13/070
=CAT  \\$a10902$b40$c20091009$lBLL01$h0846
=CAT  \\$a7750$b40$c20100316$lBLL01$h1053
=CAT  \\$a7750$b40$c20100316$lBLL01$h1054
=CAT  \\$a10902$b40$c20100325$lBLL01$h0829
=CAT  \\$aWR10_184$c20101208$lBLL01$h1636
=CAT  \\$aBATCH$b00$c20110625$lBLL01$h0547
=CAT  \\$aBATCH-SWP4$c20110627$lBLL01$h1631
=CAT  \\$aWR12-140$c20121030$lBLL01$h1049
=CAT  \\$aWR13_070$b00$c20130504$lBLL01$h0320
=CAT  \\$aWR13.144/5$c20140418$lBLL01$h1022
=DRT  \\$aVDEP
=FIN  \\$aY$d20100316
=FMT  \\$a  BK
=LAS  \\$aWR13.144/5$b00$c20140418$lBLL01$h1022
=STA  \\$aSUPPRESSED$bWR10_184

