=LDR  01911 am a2200517 a 4500
=001  015389964
=003  Uk
=005  20100621132416.0
=006  m\\\\|\\\d\|\\\\\\
=007  cr||||||||||||
=008  091013s2009\\\\enk\\\\\sb\\\o00|\0\eng\\
=015  \\$aGBB054549$2bnb
=040  \\$aUk$beng$cUk
=042  \\$aukblsr
=082  04$a346.41086572$222
=245  00$aLow value personal injury claims in road traffic accidents$h[electronic resource].
=260  \\$aLondon :$bMinistry of Justice,$c2009.
=300  \\$a78 p. :$bdigital, PDF file.
=336  \\$atext$2rdacontent
=337  \\$acomputer$2rdamedia
=338  \\$aonline resource$2rdacarrier
=500  \\$aTitle from PDF title page (viewed on 26 Apr., 2010).
=504  \\$aIncludes bibliographical references.
=538  \\$aMode of access: World Wide Web.
=538  \\$aSystem requirements: Adobe Acrobat Reader.
=650  \0$aPersonal injuries$zGreat Britain.
=650  \0$aLiability for traffic accidents$zGreat Britain.
=650  \0$aAutomobile insurance claims$zGreat Britain.
=650  \0$aAutomobile insurance$xLaw and legislation$zGreat Britain.
=710  1\$aGreat Britain.$bMinistry of Justice.
=852  41$aBritish Library$bHMNTS$cDRT$j281474976775399
=856  \\$uhttp://www.justice.gov.uk/publications/docs/personal-injury-claims-road.pdf
=CAT  \\$a10902$b40$c20091013$lBLL01$h0831
=CAT  \\$a10902$b40$c20091013$lBLL01$h0832
=CAT  \\$a12167$b40$c20100426$lBLL01$h0956
=CAT  \\$a12167$b40$c20100426$lBLL01$h0958
=CAT  \\$a11279$b40$c20100621$lBLL01$h1323
=CAT  \\$a11279$b40$c20100621$lBLL01$h1324
=CAT  \\$aWR10_184$c20101208$lBLL01$h1636
=CAT  \\$aWR12-140$c20121030$lBLL01$h1049
=CAT  \\$aWR13.144/5$c20140418$lBLL01$h1022
=DRT  \\$aVDEP
=FIN  \\$aY$d20100426
=FMT  \\$a  BK
=LAS  \\$aWR13.144/5$b00$c20140418$lBLL01$h1022
=STA  \\$aSUPPRESSED$bWR10_184

