=LDR  01926 am a2200541 a 4500
=001  015389999
=003  Uk
=005  20100610085947.0
=006  m\\\\|\\\d\|\\\\\\
=007  cr||||||||||||
=008  091013s2006\\\\enk\\\\\sb\\\\00|\0\eng\\
=015  \\$aGBB054594$2bnb
=040  \\$aUk$beng$cUk
=042  \\$aukblsr
=082  04$a362.7670941$222
=245  00$aHow the child protection industry stole Christmas$h[electronic resource].
=260  \\$aLondon :$bManifesto Club,$c2006.
=300  \\$a16 p. :$bdigital, PDF file.
=336  \\$atext$2rdacontent
=337  \\$acomputer$2rdamedia
=338  \\$aonline resource$2rdacarrier
=500  \\$aTitle from PDF title page (viewed on 26 Apr., 2010).
=504  \\$aIncludes bibliographical references.
=538  \\$aMode of access: World Wide Web.
=538  \\$aSystem requirements: Adobe Acrobat Reader.
=610  10$aGreat Britain.$tSafeguarding Vulnerable Groups Act 2006.
=610  10$aGreat Britain.$bCriminal Records Bureau.
=650  \0$aChild abuse$zGreat Britain$xPrevention.
=650  \0$aEmployee screening$zGreat Britain.
=650  \0$aVolunteers$zGreat Britain.
=690  7\$aSocial Welfare$2blcoll
=710  2\$aManifesto Club.
=852  41$aBritish Library$bHMNTS$cDRT$j281474976775346
=856  \\$uhttp://www.manifestoclub.com/files/CHRISTMASREPORT.pdf
=CAT  \\$a10902$b40$c20091013$lBLL01$h0912
=CAT  \\$a10902$b40$c20091013$lBLL01$h0913
=CAT  \\$a12167$b40$c20100426$lBLL01$h1335
=CAT  \\$a11279$b40$c20100610$lBLL01$h0859
=CAT  \\$aWR10_184$c20101208$lBLL01$h1636
=CAT  \\$aBATCH$b00$c20110625$lBLL01$h0547
=CAT  \\$aBATCH-SWP4$c20110627$lBLL01$h1631
=CAT  \\$aWR12-140$c20121030$lBLL01$h1049
=CAT  \\$aWR13.144/5$c20140418$lBLL01$h1022
=DRT  \\$aVDEP
=FIN  \\$aY$d20100426
=FMT  \\$a  BK
=LAS  \\$aWR13.144/5$b00$c20140418$lBLL01$h1022
=STA  \\$aSUPPRESSED$bWR10_184

