=LDR  02149 am a2200601 a 4500
=001  015390004
=003  Uk
=005  20100617151250.0
=006  m\\\\|\\\d\|\\\\\\
=007  cr||||||||||||
=008  091013s2007\\\\enk\\\\\sb\\\\00|\0\eng\\
=015  \\$aGBB054598$2bnb
=040  \\$aUk$beng$cUk
=042  \\$aukblsr
=082  04$a790.13$222
=245  00$aCampaign against vetting$h[electronic resource] :$bHobby clubs.
=260  \\$aLondon :$bManifesto Club,$c2007.
=300  \\$a19 p. :$bdigital, PDF file.
=336  \\$atext$2rdacontent
=337  \\$acomputer$2rdamedia
=338  \\$aonline resource$2rdacarrier
=500  \\$aTitle from PDF title page (viewed on 26 Apr., 2010).
=504  \\$aIncludes bibliographical references.
=538  \\$aMode of access: World Wide Web.
=538  \\$aSystem requirements: Adobe Acrobat Reader.
=610  10$aGreat Britain.$bCriminal Records Bureau.
=650  \0$aChild abuse$zGreat Britain$xPrevention.
=650  \0$aHobbies$xSocieties, etc.
=650  \0$aEmployee screening$zGreat Britain.
=650  \0$aVolunteer workers in recreation$zGreat Britain.
=710  2\$aManifesto Club.
=852  41$aBritish Library$bHMNTS$cDRT$j281474976775370
=856  \\$uhttp://www.manifestoclub.com/files/HobbyClubs.pdf
=CAT  \\$a10902$b40$c20091013$lBLL01$h0917
=CAT  \\$a12167$b40$c20100426$lBLL01$h1350
=CAT  \\$a11279$b40$c20100607$lBLL01$h1048
=CAT  \\$a11279$b40$c20100607$lBLL01$h1056
=CAT  \\$a11279$b40$c20100607$lBLL01$h1100
=CAT  \\$a11279$b40$c20100607$lBLL01$h1101
=CAT  \\$a11279$b40$c20100607$lBLL01$h1102
=CAT  \\$a11279$b40$c20100607$lBLL01$h1103
=CAT  \\$a11279$b40$c20100610$lBLL01$h0854
=CAT  \\$a11279$b40$c20100610$lBLL01$h1622
=CAT  \\$a11279$b40$c20100617$lBLL01$h1510
=CAT  \\$a11279$b40$c20100617$lBLL01$h1512
=CAT  \\$aWR10_184$c20101208$lBLL01$h1636
=CAT  \\$aWR12-140$c20121030$lBLL01$h1049
=CAT  \\$aWR13.144/5$c20140418$lBLL01$h1022
=DRT  \\$aVDEP
=FIN  \\$aY$d20100426
=FMT  \\$a  BK
=LAS  \\$aWR13.144/5$b00$c20140418$lBLL01$h1022
=STA  \\$aSUPPRESSED$bWR10_184

