=LDR  02146 am a2200589 a 4500
=001  015390021
=003  Uk
=005  20100806143210.0
=006  m\\\\|\\\d\|\\\\\\
=007  cr||||||||||||
=008  091013s2008\\\\enk\\\\\sb\\\\00|\0\eng\\
=015  \\$aGBB054608$2bnb
=040  \\$aUk$beng$cUk$dUk
=042  \\$aukblsr
=082  04$a341.2422$222
=245  00$aNo means no!$h[electronic resource] :$bessays on the eve of the European Council meeting.
=260  \\$aLondon :$bManifesto Club,$c2008.
=300  \\$a19 p. :$bdigital, PDF file.
=336  \\$atext$2rdacontent
=337  \\$acomputer$2rdamedia
=338  \\$aonline resource$2rdacarrier
=500  \\$aTitle from PDF title page (viewed on 26 Apr., 2010).
=504  \\$aIncludes bibliographical references.
=505  0\$aPart 1 / Bruno Waterfield -- Part 2 / Christopher Bickerton.
=538  \\$aMode of access: World Wide Web.
=538  \\$aSystem requirements: Adobe Acrobat Reader.
=610  20$aEuropean Union$vConstitution.
=610  20$aEuropean Union$xReform.
=630  00$aTreaty on European Union$d(1992).$kProtocols, etc.,$d2007 December 13.
=650  \0$aReferendum$zEuropean Union countries.
=700  1\$aBickerton, Christopher J.
=700  1\$aWaterfield, Bruno.
=710  2\$aManifesto Club.
=852  41$aBritish Library$bHMNTS$cDRT$j281474976775336
=856  \\$uhttp://www.manifestoclub.com/files/EU%20Essays.pdf
=985  \\$aRecord amended for WR# 13/070
=CAT  \\$a10902$b40$c20091013$lBLL01$h0931
=CAT  \\$a12167$b40$c20100426$lBLL01$h1431
=CAT  \\$a8964$b40$c20100427$lBLL01$h1429
=CAT  \\$a11279$b40$c20100607$lBLL01$h1051
=CAT  \\$a11279$b40$c20100607$lBLL01$h1056
=CAT  \\$a11279$b40$c20100607$lBLL01$h1103
=CAT  \\$a11249$b40$c20100806$lBLL01$h1432
=CAT  \\$aWR10_184$c20101208$lBLL01$h1636
=CAT  \\$aWR12-140$c20121030$lBLL01$h1049
=CAT  \\$aWR13_070$b00$c20130504$lBLL01$h0320
=CAT  \\$aWR13.144/5$c20140418$lBLL01$h1022
=DRT  \\$aVDEP
=FIN  \\$aY$d20100426
=FMT  \\$a  BK
=LAS  \\$aWR13.144/5$b00$c20140418$lBLL01$h1022
=STA  \\$aSUPPRESSED$bWR10_184

