=LDR  01698 am a2200493 a 4500
=001  015390059
=003  Uk
=005  20100621132607.0
=006  m\\\\|\\\d\|\\\\\\
=007  cr||||||||||||
=008  091013s2009\\\\enk\\\\\sb\\\\00|\0\eng\\
=015  \\$aGBB054614$2bnb
=040  \\$aUk$beng$cUk
=042  \\$aukblsr
=082  04$a507.2041$222
=100  1\$aAddiscott, T. M.$q(Tom M.)
=245  10$aFor the public good, set science free$h[electronic resource] /$cTom Addiscott.
=260  \\$aLondon :$bManifesto Club,$c[2009?]
=300  \\$a11 p. :$bdigital, PDF file.
=336  \\$atext$2rdacontent
=337  \\$acomputer$2rdamedia
=338  \\$aonline resource$2rdacarrier
=490  0\$aA Manifesto Club thinkpiece
=500  \\$aTitle from PDF title page (viewed on 26 Apr., 2010).
=504  \\$aIncludes bibliographical references.
=538  \\$aMode of access: World Wide Web.
=538  \\$aSystem requirements: Adobe Acrobat Reader.
=650  \0$aScience and state$zGreat Britain.
=710  2\$aManifesto Club.
=852  41$aBritish Library$bHMNTS$cDRT$j281474976775364
=856  \\$uhttp://www.manifestoclub.com/files/Tom%20Addiscott.pdf
=CAT  \\$a10902$b40$c20091013$lBLL01$h1018
=CAT  \\$a10902$b40$c20091013$lBLL01$h1020
=CAT  \\$a12167$b40$c20100426$lBLL01$h1448
=CAT  \\$a11279$b40$c20100621$lBLL01$h1325
=CAT  \\$a11279$b40$c20100621$lBLL01$h1326
=CAT  \\$aWR10_184$c20101208$lBLL01$h1636
=CAT  \\$aWR12-140$c20121030$lBLL01$h1049
=CAT  \\$aWR13.144/5$c20140418$lBLL01$h1022
=DRT  \\$aVDEP
=FIN  \\$aY$d20100426
=FMT  \\$a  BK
=LAS  \\$aWR13.144/5$b00$c20140418$lBLL01$h1022
=STA  \\$aSUPPRESSED$bWR10_184

