=LDR  01921 am a2200553 a 4500
=001  015390064
=003  Uk
=005  20100617143752.0
=006  m\\\\|\\\d\|\\\\\\
=007  cr||||||||||||
=008  091013s2009\\\\enk\\\\\sb\\\\00|\0\eng\\
=015  \\$aGBB054618$2bnb
=040  \\$aUk$beng$cUk
=042  \\$aukblsr
=082  04$a796.01$222
=100  1\$aTravis, Dan.
=245  10$aIn support of competitive sport$h[electronic resource] /$cDan Travis.
=260  \\$aLondon :$bManifesto Club,$c[2009?]
=300  \\$a9 p. :$bdigital, PDF file.
=336  \\$atext$2rdacontent
=337  \\$acomputer$2rdamedia
=338  \\$aonline resource$2rdacarrier
=490  0\$aA Manifesto Club thinkpiece
=500  \\$aTitle from PDF title page (viewed on 26 Apr., 2010).
=504  \\$aIncludes bibliographical references.
=538  \\$aMode of access: World Wide Web.
=538  \\$aSystem requirements: Adobe Acrobat Reader.
=650  \0$aSports$zGreat Britain$xPsychological aspects.
=650  \0$aCompetitiveness (Psychology)
=650  \0$aSports and state$zGreat Britain.
=710  2\$aManifesto Club.
=852  41$aBritish Library$bHMNTS$cDRT$j281474976775361
=856  \\$uhttp://www.manifestoclub.com/files/Dan%20Travis.pdf
=CAT  \\$a10902$b40$c20091013$lBLL01$h1022
=CAT  \\$a10902$b40$c20091013$lBLL01$h1023
=CAT  \\$a12167$b40$c20100426$lBLL01$h1503
=CAT  \\$a8964$b40$c20100427$lBLL01$h1426
=CAT  \\$a11279$b40$c20100610$lBLL01$h1608
=CAT  \\$a11279$b40$c20100610$lBLL01$h1610
=CAT  \\$a11279$b40$c20100617$lBLL01$h1436
=CAT  \\$a11279$b40$c20100617$lBLL01$h1437
=CAT  \\$aWR10_184$c20101208$lBLL01$h1636
=CAT  \\$aWR12-140$c20121030$lBLL01$h1049
=CAT  \\$aWR13.144/5$c20140418$lBLL01$h1022
=DRT  \\$aVDEP
=FIN  \\$aY$d20100426
=FMT  \\$a  BK
=LAS  \\$aWR13.144/5$b00$c20140418$lBLL01$h1022
=STA  \\$aSUPPRESSED$bWR10_184

