=LDR  01991 am a2200565 a 4500
=001  015390116
=003  Uk
=005  20100610164147.0
=006  m\\\\|\\\d\|\\\\\\
=007  cr||||||||||||
=008  091013s2007\\\\enk\\\\\sb\\\\00|\0\eng\\
=015  \\$aGBB054625$2bnb
=040  \\$aUk$beng$cUk
=042  \\$aukblsr
=082  04$a363.4$222
=100  1\$aCummings, Dolan.
=245  10$aSmoking policies$h[electronic resource] :$ba civilised approach /$cDolan Cummings.
=260  \\$aLondon :$bManifesto Club,$c[2007?]
=300  \\$a9 p. :$bdigital, PDF file.
=336  \\$atext$2rdacontent
=337  \\$acomputer$2rdamedia
=338  \\$aonline resource$2rdacarrier
=490  0\$aA Manifesto Club thinkpiece
=500  \\$aTitle from PDF title page (viewed on 26 Apr., 2010).
=504  \\$aIncludes bibliographical references.
=538  \\$aMode of access: World Wide Web.
=538  \\$aSystem requirements: Adobe Acrobat Reader.
=650  \0$aSmoking$xGovernment policy$zGreat Britain.
=650  \0$aPublic spaces$xHealth aspects$zGreat Britain.
=690  7\$aSocial Welfare$2blcoll
=710  2\$aManifesto Club.
=852  41$aBritish Library$bHMNTS$cDRT$j281474976775374
=856  \\$uhttp://www.manifestoclub.com/files/Cummings0907.pdf
=CAT  \\$a10902$b40$c20091013$lBLL01$h1038
=CAT  \\$a10902$b40$c20091013$lBLL01$h1039
=CAT  \\$a12167$b40$c20100426$lBLL01$h1605
=CAT  \\$a12167$b40$c20100427$lBLL01$h0903
=CAT  \\$a11279$b40$c20100610$lBLL01$h0902
=CAT  \\$a11279$b40$c20100610$lBLL01$h1612
=CAT  \\$a7750$b40$c20100610$lBLL01$h1641
=CAT  \\$aWR10_184$c20101208$lBLL01$h1636
=CAT  \\$aBATCH$b00$c20110625$lBLL01$h0547
=CAT  \\$aBATCH-SWP4$c20110627$lBLL01$h1631
=CAT  \\$aWR12-140$c20121030$lBLL01$h1049
=CAT  \\$aWR13.144/5$c20140418$lBLL01$h1022
=DRT  \\$aVDEP
=FIN  \\$aY$d20100426
=FMT  \\$a  BK
=LAS  \\$aWR13.144/5$b00$c20140418$lBLL01$h1022
=STA  \\$aSUPPRESSED$bWR10_184

