=LDR  02736 am a2200625 a 4500
=001  015390487
=003  Uk
=005  20101013113304.0
=006  m\\\\|\\\d\|\\\\\\
=007  cr||||||||||||
=008  091013s2009\\\\enk\\\\\sb\\\\00|\0\eng\\
=015  \\$aGBB055037$2bnb
=040  \\$aUk$beng$cUk
=042  \\$aukblsr
=082  04$a332.673015195$222
=100  1\$aLeibrecht, Markus.
=245  10$aDoes the impact of employment protection legislation on FDI differ by skill-intensity of sectors?$h[electronic resource] :$ban empirical investigation /$cby Markus Leibrecht and Christian Bellak.
=260  \\$aNottingham :$bLeverhulme Centre for Research on Globalisation and Economic Policy, University of Nottingham,$c2009.
=300  \\$a37 p. :$bdigital, PDF file.
=336  \\$atext$2rdacontent
=337  \\$acomputer$2rdamedia
=338  \\$aonline resource$2rdacarrier
=490  1\$aResearch paper series. Globalisation and labour markets ;$v2009/21
=500  \\$aTitle from PDF title page (viewed on 27 Apr., 2010).
=504  \\$aIncludes bibliographical references.
=538  \\$aMode of access: World Wide Web.
=538  \\$aSystem requirements: Adobe Acrobat Reader.
=650  \0$aInvestments, Foreign$xEconometric models.
=650  \0$aJob security$xLaw and legislation$xEconometric models.
=650  \0$aLabor market$xEconometric models.
=690  7\$aManagement and Business Studies$2blcoll
=700  1\$aBellak, Christian.
=710  2\$aLeverhulme Centre for Research on Globalisation and Economic Policy (University of Nottingham)
=830  \0$aResearch paper series. Globalisation and labour markets (Leverhulme Centre for Research on Globalisation and Economic Policy (University of Nottingham)) ;$v2009/21.
=852  41$aBritish Library$bHMNTS$cDRT$j281474976775371
=856  40$uhttp://www.gep.org.uk/shared/shared_levpublications/Research_Papers/2009/2009_21.pdf
=CAT  \\$a10902$b40$c20091013$lBLL01$h1450
=CAT  \\$a10902$b40$c20091013$lBLL01$h1451
=CAT  \\$a12167$b40$c20100427$lBLL01$h1148
=CAT  \\$a12167$b40$c20100427$lBLL01$h1149
=CAT  \\$a11279$b40$c20101013$lBLL01$h1128
=CAT  \\$a11279$b40$c20101013$lBLL01$h1129
=CAT  \\$a11279$b40$c20101013$lBLL01$h1130
=CAT  \\$a11279$b40$c20101013$lBLL01$h1131
=CAT  \\$a11279$b40$c20101013$lBLL01$h1132
=CAT  \\$a11279$b40$c20101013$lBLL01$h1133
=CAT  \\$aBATCH-MBS$c20101022$lBLL01$h2047
=CAT  \\$aWR10_184$c20101208$lBLL01$h1636
=CAT  \\$aWR12-140$c20121030$lBLL01$h1049
=CAT  \\$aWR13.144/5$c20140418$lBLL01$h1022
=DRT  \\$aVDEP
=FIN  \\$aY$d20100427
=FMT  \\$a  BK
=LAS  \\$aWR13.144/5$b00$c20140418$lBLL01$h1022
=STA  \\$aSUPPRESSED$bWR10_184

