=LDR  02159 am a2200589 a 4500
=001  015392495
=003  Uk
=005  20100617151441.0
=006  m\\\\|\\\d\|\\\\\\
=007  cr||||||||||||
=008  091014s2009\\\\stk\\\\\sb\\\o00|\0\eng\\
=015  \\$aGBB057495$2bnb
=040  \\$aUk$beng$cUk
=042  \\$aukblsr
=082  04$a333.5409411$222
=245  00$aRegistration of private landlords$h[electronic resource] :$bguidance for local authorities (April 2009).
=260  \\$aEdinburgh :$bScottish Government,$c2009.
=300  \\$a80 p. :$bdigital, PDF file.
=336  \\$atext$2rdacontent
=337  \\$acomputer$2rdamedia
=338  \\$aonline resource$2rdacarrier
=500  \\$aTitle from PDF title page (viewed on 4 May, 2010).
=504  \\$aIncludes bibliographical references.
=538  \\$aMode of access: World Wide Web.
=538  \\$aSystem requirements: Adobe Acrobat Reader.
=650  \0$aLandlords$zScotland.
=650  \0$aLandlord and tenant$zScotland.
=650  \0$aRental housing$xLaw and legislation$zScotland.
=690  7\$aManagement and Business Studies$2blcoll
=710  1\$aScotland.$bScottish Government.
=852  41$aBritish Library$bHMNTS$cDRT$j281474976775367
=856  \\$uhttp://www.scotland.gov.uk/Resource/Doc/287769/0087783.pdf
=CAT  \\$a10902$b40$c20091014$lBLL01$h0930
=CAT  \\$a12167$b40$c20100504$lBLL01$h1105
=CAT  \\$a11279$b40$c20100607$lBLL01$h1107
=CAT  \\$a11279$b40$c20100607$lBLL01$h1108
=CAT  \\$a11279$b40$c20100607$lBLL01$h1109
=CAT  \\$a11279$b40$c20100607$lBLL01$h1114
=CAT  \\$a11279$b40$c20100607$lBLL01$h1115
=CAT  \\$a11279$b40$c20100610$lBLL01$h0856
=CAT  \\$a11279$b40$c20100617$lBLL01$h1513
=CAT  \\$a11279$b40$c20100617$lBLL01$h1514
=CAT  \\$aBATCH690$c20100715$lBLL01$h2116
=CAT  \\$aBATCH-MBS$c20100716$lBLL01$h2057
=CAT  \\$aWR10_184$c20101208$lBLL01$h1636
=CAT  \\$aWR12-140$c20121030$lBLL01$h1049
=CAT  \\$aWR13.144/5$c20140418$lBLL01$h1022
=DRT  \\$aVDEP
=FIN  \\$aY$d20100504
=FMT  \\$a  BK
=LAS  \\$aWR13.144/5$b00$c20140418$lBLL01$h1022
=STA  \\$aSUPPRESSED$bWR10_184

