=LDR  01774 am a2200493 a 4500
=001  015440613
=003  Uk
=005  20100325083802.0
=006  m\\\\|\\\d\|\\\\\\
=007  cr||||||||||||
=008  091207s2009\\\\stk||||\s\\\\o000\0\eng\\
=015  \\$aGBB044106$2bnb
=020  \\$z9780755977376
=040  \\$aUk$beng$cUk
=042  \\$aukblsr
=082  04$a384.556$222
=245  00$aStrategic report on improving the efficiency & effectiveness of public-space CCTV in Scotland$h[electronic resource].
=260  \\$aEdinburgh :$bScottish Government,$c2009.
=300  \\$a23 p. :$bdigital, PDF file.
=336  \\$atext$2rdacontent
=337  \\$acomputer$2rdamedia
=338  \\$aonline resource$2rdacarrier
=500  \\$aTitle from PDF title page (viewed on 23 Mar., 2010).
=538  \\$aMode of access: World Wide Web.
=538  \\$aSystem requirements: Adobe Acrobat Reader.
=650  \0$aClosed-circuit television$zScotland.
=650  \0$aPublic spaces$zScotland.
=710  1\$aScotland.$bJustice Department.$bAnalytical Services Division.
=710  1\$aScotland.$bScottish Government.
=852  41$aBritish Library$bHMNTS$cDRT$j281474976737871
=856  40$uhttp://www.scotland.gov.uk/Resource/Doc/294514/0091077.pdf
=985  \\$aRecord amended for WR# 13/070
=CAT  \\$a10902$b40$c20091207$lBLL01$h1116
=CAT  \\$a12181$b40$c20100323$lBLL01$h1822
=CAT  \\$a10902$b40$c20100325$lBLL01$h0838
=CAT  \\$aWR10_184$c20101208$lBLL01$h1636
=CAT  \\$aWR12-140$c20121030$lBLL01$h1049
=CAT  \\$aWR13_070$b00$c20130504$lBLL01$h0322
=CAT  \\$aWR13.144/5$c20140418$lBLL01$h1022
=DRT  \\$aVDEP
=FIN  \\$aY$d20100323
=FMT  \\$a  BK
=LAS  \\$aWR13.144/5$b00$c20140418$lBLL01$h1022
=STA  \\$aSUPPRESSED$bWR10_184

