=LDR  02014 am a2200541 a 4500
=001  015491462
=003  Uk
=005  20100325084118.0
=006  m\\\\|\\\d\|\\\\\\
=007  cr||||||||||||
=008  100218s2009\\\\enk||||\s\\\\o000\0\eng\\
=015  \\$aGBB038935$2bnb
=020  \\$z9781409821205
=040  \\$aUk$beng$cUk
=042  \\$aukblsr
=082  04$a728.0472$222
=245  00$aZero carbon homes$h[electronic resource] :$bimpact assessment (December 2009).
=260  \\$aLondon :$bCommunities and Local Government,$c2009.
=300  \\$a84 p. :$bdigital, PDF file.
=336  \\$atext$2rdacontent
=337  \\$acomputer$2rdamedia
=338  \\$aonline resource$2rdacarrier
=500  \\$aTitle from PDF title page (viewed on 16 Mar., 2010).
=538  \\$aMode of access: World Wide Web.
=538  \\$aSystem requirements: Adobe Acrobat Reader.
=650  \0$aArchitecture and energy conservation.
=650  \0$aBuildings$zGreat Britain$xEnergy conservation.
=650  \0$aEcological houses$zGreat Britain.
=650  \0$aSustainable buildings$zGreat Britain$xDesign and construction.
=710  1\$aGreat Britain.$bDepartment for Communities and Local Government.
=852  41$aBritish Library$bHMNTS$cDRT$j281474976737881
=856  40$uhttp://www.communities.gov.uk/documents/planningandbuilding/pdf/1418640.pdf
=985  \\$aRecord amended for WR# 13/070
=CAT  \\$a10902$b40$c20100218$lBLL01$h1338
=CAT  \\$a10902$b40$c20100218$lBLL01$h1339
=CAT  \\$a7750$b40$c20100316$lBLL01$h1349
=CAT  \\$a7750$b40$c20100316$lBLL01$h1351
=CAT  \\$a7750$b40$c20100316$lBLL01$h1359
=CAT  \\$a10902$b40$c20100325$lBLL01$h0841
=CAT  \\$aWR10_184$c20101208$lBLL01$h1636
=CAT  \\$aWR12-140$c20121030$lBLL01$h1049
=CAT  \\$aWR13_070$b00$c20130504$lBLL01$h0323
=CAT  \\$aWR13.144/5$c20140418$lBLL01$h1022
=DRT  \\$aVDEP
=FIN  \\$aY$d20100316
=FMT  \\$a  BK
=LAS  \\$aWR13.144/5$b00$c20140418$lBLL01$h1022
=STA  \\$aSUPPRESSED$bWR10_184

