=LDR  02007 am a2200529 a 4500
=001  015525205
=003  Uk
=005  20100621132513.0
=006  m\\\\|\\\d\|\\\\\\
=007  cr||||||||||||
=008  100406s2009\\\\enk||||\sb\\\\00|\0\eng\\
=015  \\$aGBB055049$2bnb
=040  \\$aUk$beng$cUk
=042  \\$aukblsr
=100  1\$aBywaters, David.
=245  14$aThe rôle of price expectations in the U.K. housing market$h[electronic resource] /$cDavid Bywaters and D. Gareth Thomas.
=260  \\$aHatfield :$bUniversity of Hertfordshire Business School,$c2009.
=300  \\$a23 p. :$bdigital, PDF file.
=336  \\$atext$2rdacontent
=337  \\$acomputer$2rdamedia
=338  \\$aonline resource$2rdacarrier
=490  0\$aUniversity of Hertfordshire Business School working paper
=500  \\$aTitle from PDF title page (viewed on 27 Apr., 2010).
=504  \\$aIncludes bibliographical references.
=538  \\$aMode of access: World Wide Web.
=538  \\$aSystem requirements: Adobe Acrobat Reader.
=650  \0$aHousing$xPrices$zGreat Britain.
=650  \0$aHousing$xPrices$zGreat Britain$xForecasting.
=690  7\$aManagement and Business Studies$2blcoll
=700  1\$aThomas, D. G.$q(D. Gareth)
=710  2\$aUniversity of Hertfordshire.$bBusiness School.
=852  41$aBritish Library$bHMNTS$cDRT$j281474976775393
=856  40$uhttps://uhra.herts.ac.uk/dspace/bitstream/2299/3842/1/S112.pdf
=CAT  \\$a10983$b40$c20100406$lBLL01$h1528
=CAT  \\$a10983$b40$c20100406$lBLL01$h1529
=CAT  \\$a11281$b40$c20100427$lBLL01$h1333
=CAT  \\$a7332$b40$c20100617$lBLL01$h1029
=CAT  \\$a11279$b40$c20100621$lBLL01$h1324
=CAT  \\$a11279$b40$c20100621$lBLL01$h1325
=CAT  \\$aWR10_184$c20101208$lBLL01$h1636
=CAT  \\$aWR12-140$c20121030$lBLL01$h1049
=CAT  \\$aWR13.144/5$c20140418$lBLL01$h1022
=DRT  \\$aVDEP
=FIN  \\$aY$d20100427
=FMT  \\$a  BK
=LAS  \\$aWR13.144/5$b00$c20140418$lBLL01$h1022
=STA  \\$aSUPPRESSED$bWR10_184

