=LDR  02130 am a2200553 a 4500
=001  015525320
=003  Uk
=005  20100621134149.0
=006  m\\\\|\\\d\|\\\\\\
=007  cr||||||||||||
=008  100407s2009\\\\enk||||\sb\\\\00|\0\eng\\
=015  \\$aGBB055052$2bnb
=040  \\$aUk$beng$cUk
=042  \\$aukblsr
=100  1\$aBywaters, David.
=245  12$aA monetary system of equations with inflationary expectations for the U.S.A.$h[electronic resource] /$cD.S. Bywaters and D.G. Thomas.
=260  \\$aHatfield :$bUniversity of Hertfordshire Business School,$c2009.
=300  \\$a29 p. :$bdigital, PDF file.
=336  \\$atext$2rdacontent
=337  \\$acomputer$2rdamedia
=338  \\$aonline resource$2rdacarrier
=490  0\$aUniversity of Hertfordshire Business School working paper
=500  \\$aTitle from PDF title page (viewed on 27 Apr., 2010).
=504  \\$aIncludes bibliographical references.
=538  \\$aMode of access: World Wide Web.
=538  \\$aSystem requirements: Adobe Acrobat Reader.
=650  \0$aInflation (Finance)$zUnited States.
=650  \0$aInflation (Finance)$zUnited States$xEconometric models.
=690  7\$aManagement and Business Studies$2blcoll
=700  1\$aThomas, D. G.$q(D. Gareth)
=710  2\$aUniversity of Hertfordshire.$bBusiness School.
=852  41$aBritish Library$bHMNTS$cDRT$j281474976775362
=856  40$uhttps://uhra.herts.ac.uk/dspace/bitstream/2299/3446/1/S109.pdf
=CAT  \\$a10983$b40$c20100407$lBLL01$h0820
=CAT  \\$a10983$b40$c20100407$lBLL01$h0821
=CAT  \\$a10983$b40$c20100407$lBLL01$h0827
=CAT  \\$a10983$b40$c20100407$lBLL01$h0845
=CAT  \\$a11281$b40$c20100427$lBLL01$h1348
=CAT  \\$a7332$b40$c20100504$lBLL01$h0750
=CAT  \\$a7332$b40$c20100617$lBLL01$h1028
=CAT  \\$a11279$b40$c20100621$lBLL01$h1341
=CAT  \\$aWR10_184$c20101208$lBLL01$h1636
=CAT  \\$aWR12-140$c20121030$lBLL01$h1049
=CAT  \\$aWR13.144/5$c20140418$lBLL01$h1022
=DRT  \\$aVDEP
=FIN  \\$aY$d20100427
=FMT  \\$a  BK
=LAS  \\$aWR13.144/5$b00$c20140418$lBLL01$h1022
=STA  \\$aSUPPRESSED$bWR10_184

