=LDR  02014 am a2200541 a 4500
=001  015525336
=003  Uk
=005  20100526104850.0
=006  m\\\\|\\\d\|\\\\\\
=007  cr||||||||||||
=008  100407s2009\\\\enk||||\sb\\\\00|\0\eng\\
=015  \\$aGBB055081$2bnb
=040  \\$aUk$beng$cUk
=042  \\$aukblsr
=100  10$aHollinshead, Graham.
=245  14$aThe offshoring of financial services$h[electronic resource] :$ba reassessment /$cGraham Hollinshead, Jane Hardy.
=260  \\$aHatfield :$bUniversity of Hertfordshire Business School,$c2009.
=300  \\$a18 p. :$bdigital, PDF file.
=336  \\$atext$2rdacontent
=337  \\$acomputer$2rdamedia
=338  \\$aonline resource$2rdacarrier
=490  0\$aUniversity of Hertfordshire Business School working paper
=500  \\$aTitle from PDF title page (viewed on 27 Apr., 2010).
=504  \\$aIncludes bibliographical references.
=538  \\$aMode of access: World Wide Web.
=538  \\$aSystem requirements: Adobe Acrobat Reader.
=650  \0$aOffshore outsourcing.
=650  \0$aFinancial services industry.
=690  7\$aManagement and Business Studies$2blcoll
=700  1\$aHardy, Jane.
=710  2\$aUniversity of Hertfordshire.$bBusiness School.
=852  41$aBritish Library$bHMNTS$cDRT$j281474976775378
=856  40$uhttps://uhra.herts.ac.uk/dspace/bitstream/2299/2928/1/S105.pdf
=CAT  \\$a10983$b40$c20100407$lBLL01$h0837
=CAT  \\$a10983$b40$c20100407$lBLL01$h0839
=CAT  \\$a10983$b40$c20100407$lBLL01$h0845
=CAT  \\$a11281$b40$c20100427$lBLL01$h1526
=CAT  \\$a11281$b40$c20100427$lBLL01$h1527
=CAT  \\$a11279$b40$c20100526$lBLL01$h1048
=CAT  \\$aWR10_184$c20101208$lBLL01$h1636
=CAT  \\$aWR12-140$c20121030$lBLL01$h1049
=CAT  \\$aWR13.144/5$c20140418$lBLL01$h1022
=CAT  \\$aBATCH-UPD$b00$c20141220$lBLL01$h2351
=DRT  \\$aVDEP
=FIN  \\$aY$d20100427
=FMT  \\$a  BK
=LAS  \\$aBATCH-UPD$b00$c20141220$lBLL01$h2351
=STA  \\$aSUPPRESSED$bWR10_184

