=LDR  01800 am a2200493 a 4500
=001  015525367
=003  Uk
=005  20100621132702.0
=006  m\\\\|\\\d\|\\\\\\
=007  cr||||||||||||
=008  100407s2008\\\\enk||||\s\\\\\00|\0\eng\\
=015  \\$aGBB056792$2bnb
=040  \\$aUk$beng$cUk
=042  \\$aukblsr
=100  1\$aGall, Gregor.
=245  10$aSources of labour union power$h[electronic resource] /$cGregor Gall.
=260  \\$aHatfield :$bUniversity of Hertfordshire Business School,$c2008.
=300  \\$a12 p. :$bdigital, PDF file.
=336  \\$atext$2rdacontent
=337  \\$acomputer$2rdamedia
=338  \\$aonline resource$2rdacarrier
=490  0\$aUniversity of Hertfordshire Business School working paper ;$v2008:5
=500  \\$aTitle from PDF title page (viewed on 28 Apr., 2010).
=538  \\$aMode of access: World Wide Web.
=538  \\$aSystem requirements: Adobe Acrobat Reader.
=650  \0$aLabor unions$zGreat Britain.
=690  7\$aManagement and Business Studies$2blcoll
=710  2\$aUniversity of Hertfordshire.$bBusiness School.
=852  41$aBritish Library$bHMNTS$cDRT$j281474976775382
=856  40$uhttps://uhra.herts.ac.uk/dspace/bitstream/2299/2016/1/S94.pdf
=CAT  \\$a10983$b40$c20100407$lBLL01$h0915
=CAT  \\$a10983$b40$c20100407$lBLL01$h0916
=CAT  \\$a11281$b40$c20100428$lBLL01$h1034
=CAT  \\$a11281$b40$c20100428$lBLL01$h1035
=CAT  \\$a11279$b40$c20100621$lBLL01$h1326
=CAT  \\$a11279$b40$c20100621$lBLL01$h1327
=CAT  \\$aWR10_184$c20101208$lBLL01$h1636
=CAT  \\$aWR12-140$c20121030$lBLL01$h1049
=CAT  \\$aWR13.144/5$c20140418$lBLL01$h1022
=DRT  \\$aVDEP
=FIN  \\$aY$d20100428
=FMT  \\$a  BK
=LAS  \\$aWR13.144/5$b00$c20140418$lBLL01$h1022
=STA  \\$aSUPPRESSED$bWR10_184

