=LDR  02335 am a2200613 a 4500
=001  015525404
=003  Uk
=005  20100617154937.0
=006  m\\\\|\\\d\|\\\\\\
=007  cr||||||||||||
=008  100407s2008\\\\enk||||\sb\\\\00|\0\eng\\
=015  \\$aGBB056812$2bnb
=040  \\$aUk$beng$cUk
=042  \\$aukblsr
=100  1\$aFoster, Steve,$d1960-
=245  13$aAn exploratory analysis of E-HRM in the context of HRM 'transformation'$h[electronic resource] /$cSteve Foster.
=260  \\$aHatfield :$bUniversity of Hertfordshire,$c2008.
=300  \\$a22 p. :$bdigital, PDF file.
=336  \\$atext$2rdacontent
=337  \\$acomputer$2rdamedia
=338  \\$aonline resource$2rdacarrier
=490  0\$aUniversity of Hertfordshire Business School working paper ;$v2008:2
=500  \\$aTitle from PDF title page (viewed on 28 Apr., 2010).
=504  \\$aIncludes bibliographical references.
=538  \\$aMode of access: World Wide Web.
=538  \\$aSystem requirements: Adobe Acrobat Reader.
=650  \0$aPersonnel management.
=650  \0$aPersonnel management$xTechnological innovations.
=690  7\$aManagement and Business Studies$2blcoll
=710  2\$aUniversity of Hertfordshire.$bBusiness School.
=852  41$aBritish Library$bHMNTS$cDRT$j281474976775388
=856  40$uhttps://uhra.herts.ac.uk/dspace/bitstream/2299/1405/1/S86.pdf
=CAT  \\$a10983$b40$c20100407$lBLL01$h1020
=CAT  \\$a10983$b40$c20100407$lBLL01$h1023
=CAT  \\$a10983$b40$c20100407$lBLL01$h1024
=CAT  \\$a10983$b40$c20100407$lBLL01$h1025
=CAT  \\$a11281$b40$c20100428$lBLL01$h1157
=CAT  \\$a7332$b40$c20100430$lBLL01$h0747
=CAT  \\$a7332$b40$c20100430$lBLL01$h0921
=CAT  \\$a11279$b40$c20100610$lBLL01$h0900
=CAT  \\$a11279$b40$c20100610$lBLL01$h1613
=CAT  \\$a7750$b40$c20100610$lBLL01$h1638
=CAT  \\$a11279$b40$c20100617$lBLL01$h1504
=CAT  \\$a11279$b40$c20100617$lBLL01$h1505
=CAT  \\$a11279$b40$c20100617$lBLL01$h1506
=CAT  \\$a11279$b40$c20100617$lBLL01$h1549
=CAT  \\$aWR10_184$c20101208$lBLL01$h1636
=CAT  \\$aWR12-140$c20121030$lBLL01$h1049
=CAT  \\$aWR13.144/5$c20140418$lBLL01$h1022
=DRT  \\$aVDEP
=FIN  \\$aY$d20100428
=FMT  \\$a  BK
=LAS  \\$aWR13.144/5$b00$c20140418$lBLL01$h1022
=STA  \\$aSUPPRESSED$bWR10_184

