=LDR  01826 am a2200493 a 4500
=001  015525421
=003  Uk
=005  20100621134119.0
=006  m\\\\|\\\d\|\\\\\\
=007  cr||||||||||||
=008  100407s2007\\\\enk||||\s\\\\\00|\0\eng\\
=015  \\$aGBB056847$2bnb
=040  \\$aUk$beng$cUk
=042  \\$aukblsr
=100  1\$aSerwotka, Mark.
=245  14$aThe future of public services under Labour$h[electronic resource] /$cMark Serwotka.
=260  \\$aHatfield :$bUniversity of Hertfordshire Business School,$c2007.
=300  \\$a12 p. :$bdigital, PDF file.
=336  \\$atext$2rdacontent
=337  \\$acomputer$2rdamedia
=338  \\$aonline resource$2rdacarrier
=490  0\$aUniversity of Hertfordshire Business School working paper ;$v2007:3
=500  \\$aTitle from PDF title page (viewed on 28 Apr., 2010).
=538  \\$aMode of access: World Wide Web.
=538  \\$aSystem requirements: Adobe Acrobat Reader.
=650  \0$aMunicipal services$zGreat Britain.
=650  \0$aLabour Party (Great Britain)
=651  \0$aGreat Britain$xPolitics and government.
=690  7\$aManagement and Business Studies$2blcoll
=710  2\$aUniversity of Hertfordshire.$bBusiness School.
=852  41$aBritish Library$bHMNTS$cDRT$j281474976775387
=856  40$uhttps://uhra.herts.ac.uk/dspace/bitstream/2299/1408/1/S77.pdf
=CAT  \\$a10983$b40$c20100407$lBLL01$h1041
=CAT  \\$a10983$b40$c20100407$lBLL01$h1042
=CAT  \\$a11281$b40$c20100428$lBLL01$h1432
=CAT  \\$a11279$b40$c20100621$lBLL01$h1341
=CAT  \\$aWR10_184$c20101208$lBLL01$h1636
=CAT  \\$aWR12-140$c20121030$lBLL01$h1049
=CAT  \\$aWR13.144/5$c20140418$lBLL01$h1022
=DRT  \\$aVDEP
=FIN  \\$aY$d20100428
=FMT  \\$a  BK
=LAS  \\$aWR13.144/5$b00$c20140418$lBLL01$h1022
=STA  \\$aSUPPRESSED$bWR10_184

