=LDR  02054 am a2200541 a 4500
=001  015525435
=003  Uk
=005  20100617143542.0
=006  m\\\\|\\\d\|\\\\\\
=007  cr||||||||||||
=008  100407s2007\\\\enk||||\sb\\\\00|\0\eng\\
=015  \\$aGBB056856$2bnb
=040  \\$aUk$beng$cUk
=042  \\$aukblsr
=100  1\$aYe, Zhen.
=245  10$aEconomic linkages and comparative advantage of the UK creative sector$h[electronic resource] /$cZhen Ye, Ya Ping Yin.
=260  \\$aHatfield :$bUniversity of Hertfordshire Business School,$c2007.
=300  \\$a31 p. :$bdigital, PDF file.
=336  \\$atext$2rdacontent
=337  \\$acomputer$2rdamedia
=338  \\$aonline resource$2rdacarrier
=490  0\$aUniversity of Hertfordshire Business School working paper ;$v2007:2
=500  \\$aTitle from PDF title page (viewed on 28 Apr., 2010).
=504  \\$aIncludes bibliographical references.
=538  \\$aMode of access: World Wide Web.
=538  \\$aSystem requirements: Adobe Acrobat Reader.
=650  \0$aCultural industries$zGreat Britain.
=650  \0$aCultural industries$xEconomic aspects$zGreat Britain.
=690  7\$aManagement and Business Studies$2blcoll
=700  1\$aYin, Ya Ping.
=710  2\$aUniversity of Hertfordshire.$bBusiness School.
=852  41$aBritish Library$bHMNTS$cDRT$j281474976775358
=856  40$uhttps://uhra.herts.ac.uk/dspace/bitstream/2299/1401/1/S78.pdf
=CAT  \\$a10983$b40$c20100407$lBLL01$h1052
=CAT  \\$a10983$b40$c20100407$lBLL01$h1054
=CAT  \\$a11281$b40$c20100428$lBLL01$h1538
=CAT  \\$a11279$b40$c20100610$lBLL01$h1134
=CAT  \\$a11279$b40$c20100610$lBLL01$h1610
=CAT  \\$a11279$b40$c20100617$lBLL01$h1434
=CAT  \\$a11279$b40$c20100617$lBLL01$h1435
=CAT  \\$aWR10_184$c20101208$lBLL01$h1636
=CAT  \\$aWR12-140$c20121030$lBLL01$h1049
=CAT  \\$aWR13.144/5$c20140418$lBLL01$h1022
=DRT  \\$aVDEP
=FIN  \\$aY$d20100428
=FMT  \\$a  BK
=LAS  \\$aWR13.144/5$b00$c20140418$lBLL01$h1022
=STA  \\$aSUPPRESSED$bWR10_184

