=LDR  01981 am a2200517 a 4500
=001  015525494
=003  Uk
=005  20100617145311.0
=006  m\\\\|\\\d\|\\\\\\
=007  cr||||||||||||
=008  100407s2006\\\\enk||||\sb\\\\00|\0\eng\\
=015  \\$aGBB056898$2bnb
=040  \\$aUk$beng$cUk
=042  \\$aukblsr
=100  1\$aBarksjö, Jenny.
=245  10$aPreliminary evidence of the effects of the adoption of the "impairment-only" approach to goodwill accounting in Sweden$h[electronic resource] /$cJenny Barksjö, Mari Paananen.
=260  \\$aHatfield :$bUniversity of Hertfordshire Business School,$c2006.
=300  \\$a35 p. :$bdigital, PDF file.
=336  \\$atext$2rdacontent
=337  \\$acomputer$2rdamedia
=338  \\$aonline resource$2rdacarrier
=490  0\$aUniversity of Hertfordshire Business School working paper ;$v2006:5
=500  \\$aTitle from PDF title page (viewed on 29 Apr., 2010).
=504  \\$aIncludes bibliographical references.
=538  \\$aMode of access: World Wide Web.
=538  \\$aSystem requirements: Adobe Acrobat Reader.
=650  \0$aAccounting$zSweden.
=650  \0$aAccounting$xStandards.
=690  7\$aManagement and Business Studies$2blcoll
=700  1\$aPaananen, Mari.
=710  2\$aUniversity of Hertfordshire.$bBusiness School.
=852  41$aBritish Library$bHMNTS$cDRT$j281474976775385
=856  40$uhttps://uhra.herts.ac.uk/dspace/bitstream/2299/686/1/S63.pdf
=CAT  \\$a10983$b40$c20100407$lBLL01$h1121
=CAT  \\$a10983$b40$c20100407$lBLL01$h1123
=CAT  \\$a11281$b40$c20100429$lBLL01$h0943
=CAT  \\$aBATCH-UPD$b40$c20100508$lBLL01$h2032
=CAT  \\$a11279$b40$c20100617$lBLL01$h1453
=CAT  \\$aWR10_184$c20101208$lBLL01$h1636
=CAT  \\$aWR12-140$c20121030$lBLL01$h1049
=CAT  \\$aWR13.144/5$c20140418$lBLL01$h1022
=DRT  \\$aVDEP
=FIN  \\$aY$d20100429
=FMT  \\$a  BK
=LAS  \\$aWR13.144/5$b00$c20140418$lBLL01$h1022
=STA  \\$aSUPPRESSED$bWR10_184

