=LDR  01763 am a2200481 a 4500
=001  015525541
=003  Uk
=005  20100617144103.0
=006  m\\\\|\\\d\|\\\\\\
=007  cr||||||||||||
=008  100407s2006\\\\enk||||\sb\\\\00|\0\eng\\
=015  \\$aGBB056944$2bnb
=040  \\$aUk$beng$cUk
=042  \\$aukblsr
=100  1\$aLebcir, Reda M.
=245  10$aA framework for project complexity in new product development (NPD) projects$h[electronic resource] /$cReda M. Lebcir.
=260  \\$aHatfield :$bUniversity of Hertfordshire Business School,$c[2006]
=300  \\$a33 p. :$bdigital, PDF file.
=336  \\$atext$2rdacontent
=337  \\$acomputer$2rdamedia
=338  \\$aonline resource$2rdacarrier
=500  \\$aTitle from PDF title page (viewed on 29 Apr., 2010).
=504  \\$aIncludes bibliographical references.
=538  \\$aMode of access: World Wide Web.
=538  \\$aSystem requirements: Adobe Acrobat Reader.
=650  \0$aProject management.
=690  7\$aManagement and Business Studies$2blcoll
=710  2\$aUniversity of Hertfordshire.$bBusiness School.
=852  41$aBritish Library$bHMNTS$cDRT$j281474976775331
=856  40$uhttps://uhra.herts.ac.uk/dspace/bitstream/2299/682/1/S60.pdf
=CAT  \\$a10983$b40$c20100407$lBLL01$h1149
=CAT  \\$a10983$b40$c20100407$lBLL01$h1150
=CAT  \\$a11281$b40$c20100429$lBLL01$h1344
=CAT  \\$a11279$b40$c20100617$lBLL01$h1440
=CAT  \\$a11279$b40$c20100617$lBLL01$h1441
=CAT  \\$aWR10_184$c20101208$lBLL01$h1636
=CAT  \\$aWR12-140$c20121030$lBLL01$h1049
=CAT  \\$aWR13.144/5$c20140418$lBLL01$h1022
=DRT  \\$aVDEP
=FIN  \\$aY$d20100429
=FMT  \\$a  BK
=LAS  \\$aWR13.144/5$b00$c20140418$lBLL01$h1022
=STA  \\$aSUPPRESSED$bWR10_184

